<?xml version="1.0" encoding="UTF-8"?>
<!DOCTYPE html PUBLIC "-//W3C//DTD XHTML 1.0 Transitional//EN"
    "http://www.w3.org/TR/xhtml1/DTD/xhtml1-transitional.dtd">
<html xmlns="http://www.w3.org/1999/xhtml" xml:lang="en" lang="en">
 <head>
  <title>
</title>
<meta http-equiv="Content-Type" content="text/html;charset=utf-8" />
  <meta name='ocr-system' content='tesseract 3.04.00' />
  <meta name='ocr-capabilities' content='ocr_page ocr_carea ocr_par ocr_line ocrx_word'/>
</head>
<body>
  <div class='ocr_page' id='page_1' title='image "./rpfranciscisuar00unkngoog_0428.png"; bbox 0 0 3892 6167; ppageno 0'>
   <div class='ocr_carea' id='block_1_1' title="bbox 538 413 2118 5569">
    <p class='ocr_par' dir='ltr' id='par_1_1' title="bbox 544 413 2114 1627">
     <span class='ocr_line' id='line_1_1' title="bbox 545 413 2114 493; baseline -0.005 -9"><span class='ocrx_word' id='word_1_1' title='bbox 545 422 687 484; x_wconf 79' lang='lat' dir='ltr'>vilis</span> <span class='ocrx_word' id='word_1_2' title='bbox 716 415 1117 492; x_wconf 85' lang='lat' dir='ltr'>conditionis,</span> <span class='ocrx_word' id='word_1_3' title='bbox 1150 433 1279 478; x_wconf 89' lang='lat' dir='ltr'>non</span> <span class='ocrx_word' id='word_1_4' title='bbox 1314 419 1529 478; x_wconf 85' lang='lat' dir='ltr'>tamen</span> <span class='ocrx_word' id='word_1_5' title='bbox 1568 413 1740 493; x_wconf 87' lang='lat' dir='ltr'>quod</span> <span class='ocrx_word' id='word_1_6' title='bbox 1774 415 2114 477; x_wconf 85' lang='lat' dir='ltr'>constitue-</span> 
     </span>
     <span class='ocr_line' id='line_1_2' title="bbox 546 507 2111 590; baseline -0.004 -14"><span class='ocrx_word' id='word_1_7' title='bbox 546 513 631 576; x_wconf 85' lang='lat' dir='ltr'>rit</span> <span class='ocrx_word' id='word_1_8' title='bbox 650 511 965 574; x_wconf 73' lang='lat' dir='ltr'><strong>Christum</strong></span> <span class='ocrx_word' id='word_1_9' title='bbox 998 527 1247 572; x_wconf 81' lang='lat' dir='ltr'>servum</span> <span class='ocrx_word' id='word_1_10' title='bbox 1261 524 1283 586; x_wconf 89' lang='lat'>;</span> <span class='ocrx_word' id='word_1_11' title='bbox 1308 509 1457 590; x_wconf 82' lang='lat' dir='ltr'>quia</span> <span class='ocrx_word' id='word_1_12' title='bbox 1484 507 1687 588; x_wconf 83' lang='lat' dir='ltr'>potuit</span> <span class='ocrx_word' id='word_1_13' title='bbox 1722 508 1962 570; x_wconf 84' lang='lat' dir='ltr'>unione</span> <span class='ocrx_word' id='word_1_14' title='bbox 1985 508 2111 569; x_wconf 90' lang='lat' dir='ltr'>im-</span> 
     </span>
     <span class='ocr_line' id='line_1_3' title="bbox 545 601 2112 689; baseline -0.006 -19"><span class='ocrx_word' id='word_1_15' title='bbox 545 607 773 689; x_wconf 85' lang='lat' dir='ltr'>pediri.</span> <span class='ocrx_word' id='word_1_16' title='bbox 806 605 931 669; x_wconf 88' lang='lat' dir='ltr'>Sed</span> <span class='ocrx_word' id='word_1_17' title='bbox 958 602 1305 682; x_wconf 75' lang='lat' dir='ltr'>imprimiS,</span> <span class='ocrx_word' id='word_1_18' title='bbox 1352 601 1407 662; x_wconf 86' lang='lat' dir='ltr'>si</span> <span class='ocrx_word' id='word_1_19' title='bbox 1447 601 1610 664; x_wconf 79' lang='lat' dir='ltr'>infra</span> <span class='ocrx_word' id='word_1_20' title='bbox 1648 601 2112 664; x_wconf 76' lang='lat' dir='ltr'><strong>ostenderimus</strong></span> 
     </span>
     <span class='ocr_line' id='line_1_4' title="bbox 547 683 2110 776; baseline -0.005 -13"><span class='ocrx_word' id='word_1_21' title='bbox 547 701 850 763; x_wconf 88' lang='lat' dir='ltr'>unionem</span> <span class='ocrx_word' id='word_1_22' title='bbox 879 715 1009 760; x_wconf 88' lang='lat' dir='ltr'>nou</span> <span class='ocrx_word' id='word_1_23' title='bbox 1047 695 1327 776; x_wconf 85' lang='lat' dir='ltr'>potuisse</span> <span class='ocrx_word' id='word_1_24' title='bbox 1354 695 1474 757; x_wconf 87' lang='lat' dir='ltr'>hoc</span> <span class='ocrx_word' id='word_1_25' title='bbox 1516 683 1859 776; x_wconf 77' lang='lat' dir='ltr'>impedire,</span> <span class='ocrx_word' id='word_1_26' title='bbox 1898 711 2110 774; x_wconf 86' lang='lat' dir='ltr'>neque</span> 
     </span>
     <span class='ocr_line' id='line_1_5' title="bbox 548 789 2113 858; baseline -0.004 -1"><span class='ocrx_word' id='word_1_27' title='bbox 548 793 883 858; x_wconf 80' lang='lat' dir='ltr'>excludere</span> <span class='ocrx_word' id='word_1_28' title='bbox 906 791 986 854; x_wconf 89' lang='lat' dir='ltr'>ah</span> <span class='ocrx_word' id='word_1_29' title='bbox 1006 789 1399 852; x_wconf 72' lang='lat' dir='ltr'>humanitate</span> <span class='ocrx_word' id='word_1_30' title='bbox 1420 789 1777 851; x_wconf 78' lang='lat' dir='ltr'>naturalem</span> <span class='ocrx_word' id='word_1_31' title='bbox 1804 789 2113 850; x_wconf 86' lang='lat' dir='ltr'>conditio-</span> 
     </span>
     <span class='ocr_line' id='line_1_6' title="bbox 546 883 2112 961; baseline -0.006 -9"><span class='ocrx_word' id='word_1_32' title='bbox 546 905 697 952; x_wconf 80' lang='lat' dir='ltr'>nem</span> <span class='ocrx_word' id='word_1_33' title='bbox 724 885 1060 961; x_wconf 80' lang='lat' dir='ltr'>servitutis,</span> <span class='ocrx_word' id='word_1_34' title='bbox 1094 883 1404 946; x_wconf 78' lang='lat' dir='ltr'><strong>constabit</strong></span> <span class='ocrx_word' id='word_1_35' title='bbox 1430 883 1617 945; x_wconf 85' lang='lat' dir='ltr'>etiam</span> <span class='ocrx_word' id='word_1_36' title='bbox 1645 884 1765 946; x_wconf 83' lang='lat' dir='ltr'>hoc</span> <span class='ocrx_word' id='word_1_37' title='bbox 1786 883 1958 944; x_wconf 86' lang='lat' dir='ltr'>Pauli</span> <span class='ocrx_word' id='word_1_38' title='bbox 1988 889 2112 944; x_wconf 85' lang='lat' dir='ltr'>tes·</span> 
     </span>
     <span class='ocr_line' id='line_1_7' title="bbox 548 976 2110 1046; baseline -0.006 0"><span class='ocrx_word' id='word_1_39' title='bbox 548 983 881 1046; x_wconf 87' lang='lat' dir='ltr'>timonium</span> <span class='ocrx_word' id='word_1_40' title='bbox 906 997 1045 1044; x_wconf 79' lang='lat' dir='ltr'>esse</span> <span class='ocrx_word' id='word_1_41' title='bbox 1070 980 1221 1042; x_wconf 85' lang='lat' dir='ltr'>sutis</span> <span class='ocrx_word' id='word_1_42' title='bbox 1244 979 1489 1040; x_wconf 84' lang='lat' dir='ltr'>efficax.</span> <span class='ocrx_word' id='word_1_43' title='bbox 1520 980 1595 1040; x_wconf 87' lang='lat' dir='ltr'>Et</span> <span class='ocrx_word' id='word_1_44' title='bbox 1618 977 1849 1040; x_wconf 89' lang='lat' dir='ltr'>deinde</span> <span class='ocrx_word' id='word_1_45' title='bbox 1878 976 2110 1040; x_wconf 86' lang='lat' dir='ltr'>Paulus</span> 
     </span>
     <span class='ocr_line' id='line_1_8' title="bbox 544 1070 2108 1152; baseline -0.004 -14"><span class='ocrx_word' id='word_1_46' title='bbox 544 1095 675 1138; x_wconf 87' lang='lat' dir='ltr'>non</span> <span class='ocrx_word' id='word_1_47' title='bbox 704 1076 907 1140; x_wconf 86' lang='lat' dir='ltr'>solum</span> <span class='ocrx_word' id='word_1_48' title='bbox 933 1075 1019 1136; x_wconf 83' lang='lat' dir='ltr'>ait</span> <span class='ocrx_word' id='word_1_49' title='bbox 1045 1073 1457 1152; x_wconf 77' lang='lat' dir='ltr'>assumpsisse</span> <span class='ocrx_word' id='word_1_50' title='bbox 1482 1070 1815 1148; x_wconf 82' lang='lat' dir='ltr'>Christum,</span> <span class='ocrx_word' id='word_1_51' title='bbox 1836 1071 2108 1133; x_wconf 77' lang='lat' dir='ltr'>formam</span> 
     </span>
     <span class='ocr_line' id='line_1_9' title="bbox 547 1165 2114 1244; baseline -0.003 -13"><span class='ocrx_word' id='word_1_52' title='bbox 547 1169 859 1243; x_wconf 82' lang='lat' dir='ltr'>servilem,</span> <span class='ocrx_word' id='word_1_53' title='bbox 900 1167 1013 1230; x_wconf 85' lang='lat' dir='ltr'>sed</span> <span class='ocrx_word' id='word_1_54' title='bbox 1050 1167 1319 1230; x_wconf 75' lang='lat' dir='ltr'>formam</span> <span class='ocrx_word' id='word_1_55' title='bbox 1350 1165 1540 1241; x_wconf 84' lang='lat' dir='ltr'>servi,</span> <span class='ocrx_word' id='word_1_56' title='bbox 1568 1165 1635 1228; x_wconf 90' lang='lat' dir='ltr'>id</span> <span class='ocrx_word' id='word_1_57' title='bbox 1664 1171 1779 1242; x_wconf 87' lang='lat' dir='ltr'>est,</span> <span class='ocrx_word' id='word_1_58' title='bbox 1822 1183 1945 1244; x_wconf 88' lang='lat' dir='ltr'>qua</span> <span class='ocrx_word' id='word_1_59' title='bbox 1977 1182 2114 1228; x_wconf 83' lang='lat' dir='ltr'>ser·-</span> 
     </span>
     <span class='ocr_line' id='line_1_10' title="bbox 545 1258 2113 1343; baseline -0.004 -17"><span class='ocrx_word' id='word_1_60' title='bbox 545 1281 663 1326; x_wconf 78' lang='lat' dir='ltr'>vus</span> <span class='ocrx_word' id='word_1_61' title='bbox 688 1264 825 1343; x_wconf 87' lang='lat' dir='ltr'>ipso</span> <span class='ocrx_word' id='word_1_62' title='bbox 852 1263 1231 1324; x_wconf 87' lang='lat' dir='ltr'>constitutus</span> <span class='ocrx_word' id='word_1_63' title='bbox 1262 1266 1380 1337; x_wconf 87' lang='lat' dir='ltr'>est,</span> <span class='ocrx_word' id='word_1_64' title='bbox 1412 1261 1575 1322; x_wconf 82' lang='lat' dir='ltr'>sieut</span> <span class='ocrx_word' id='word_1_65' title='bbox 1608 1258 1840 1321; x_wconf 87' lang='lat' dir='ltr'>dicitur</span> <span class='ocrx_word' id='word_1_66' title='bbox 1866 1275 2113 1322; x_wconf 83' lang='lat' dir='ltr'>assum-</span> 
     </span>
     <span class='ocr_line' id='line_1_11' title="bbox 546 1352 2112 1438; baseline -0.004 -17"><span class='ocrx_word' id='word_1_67' title='bbox 546 1359 745 1438; x_wconf 86' lang='lat' dir='ltr'>psisse</span> <span class='ocrx_word' id='word_1_68' title='bbox 768 1358 1035 1420; x_wconf 81' lang='lat' dir='ltr'>formam</span> <span class='ocrx_word' id='word_1_69' title='bbox 1058 1357 1355 1430; x_wconf 86' lang='lat' dir='ltr'>hominis,</span> <span class='ocrx_word' id='word_1_70' title='bbox 1382 1355 1449 1416; x_wconf 89' lang='lat' dir='ltr'>id</span> <span class='ocrx_word' id='word_1_71' title='bbox 1466 1357 1585 1426; x_wconf 87' lang='lat' dir='ltr'>est,</span> <span class='ocrx_word' id='word_1_72' title='bbox 1619 1371 1747 1432; x_wconf 87' lang='lat' dir='ltr'>qua</span> <span class='ocrx_word' id='word_1_73' title='bbox 1773 1353 1966 1414; x_wconf 90' lang='lat' dir='ltr'>homo</span> <span class='ocrx_word' id='word_1_74' title='bbox 1987 1352 2112 1414; x_wconf 79' lang='lat' dir='ltr'>fac·</span> 
     </span>
     <span class='ocr_line' id='line_1_12' title="bbox 546 1447 2112 1528; baseline -0.006 -13"><span class='ocrx_word' id='word_1_75' title='bbox 546 1460 648 1515; x_wconf 84' lang='lat' dir='ltr'>tus</span> <span class='ocrx_word' id='word_1_76' title='bbox 676 1458 805 1528; x_wconf 85' lang='lat' dir='ltr'>est,</span> <span class='ocrx_word' id='word_1_77' title='bbox 852 1458 925 1514; x_wconf 86' lang='lat' dir='ltr'>ut</span> <span class='ocrx_word' id='word_1_78' title='bbox 955 1457 1125 1513; x_wconf 82' lang='lat' dir='ltr'>recte</span> <span class='ocrx_word' id='word_1_79' title='bbox 1158 1449 1245 1512; x_wconf 88' lang='lat' dir='ltr'>ibi</span> <span class='ocrx_word' id='word_1_80' title='bbox 1273 1448 1579 1512; x_wconf 81' lang='lat' dir='ltr'>intellexit</span> <span class='ocrx_word' id='word_1_81' title='bbox 1618 1447 1921 1522; x_wconf 81' lang='lat' dir='ltr'>Adamas,</span> <span class='ocrx_word' id='word_1_82' title='bbox 1967 1463 2112 1508; x_wconf 89' lang='lat' dir='ltr'>cum</span> 
     </span>
     <span class='ocr_line' id='line_1_13' title="bbox 545 1544 1303 1627; baseline -0.005 -19"><span class='ocrx_word' id='word_1_83' title='bbox 545 1545 789 1608; x_wconf 77' lang='lat' dir='ltr'>caeteris</span> <span class='ocrx_word' id='word_1_84' title='bbox 820 1544 1303 1627; x_wconf 81' lang='lat' dir='ltr'>expositoribus.</span> 
     </span>
    </p>

    <p class='ocr_par' dir='ltr' id='par_1_2' title="bbox 538 1637 2118 5569">
     <span class='ocr_line' id='line_1_14' title="bbox 629 1637 2104 1716; baseline -0.005 -13"><span class='ocrx_word' id='word_1_85' title='bbox 629 1643 727 1704; x_wconf 76' lang='lat'>15.</span> <span class='ocrx_word' id='word_1_86' title='bbox 779 1641 1057 1704; x_wconf 76' lang='lat' dir='ltr'>Tertium</span> <span class='ocrx_word' id='word_1_87' title='bbox 1084 1657 1157 1702; x_wconf 70' lang='lat' dir='ltr'>em</span> <span class='ocrx_word' id='word_1_88' title='bbox 1183 1638 1481 1702; x_wconf 69' lang='lat' dir='ltr'>Patribus</span> <span class='ocrx_word' id='word_1_89' title='bbox 1522 1637 2000 1716; x_wconf 69' lang='lat' dir='ltr'>fiendamentum.</span> <span class='ocrx_word' id='word_1_90' title='bbox 2023 1665 2104 1682; x_wconf 91' lang='lat'>--</span> 
     </span>
     <span class='ocr_line' id='line_1_15' title="bbox 544 1729 2107 1816; baseline -0.006 -18"><span class='ocrx_word' id='word_1_91' title='bbox 544 1736 755 1798; x_wconf 85' lang='lat' dir='ltr'>Tertio</span> <span class='ocrx_word' id='word_1_92' title='bbox 781 1779 796 1810; x_wconf 89' lang='lat'>‚</span> <span class='ocrx_word' id='word_1_93' title='bbox 829 1733 1258 1816; x_wconf 75' lang='lat' dir='ltr'>principaliter</span> <span class='ocrx_word' id='word_1_94' title='bbox 1286 1731 1589 1812; x_wconf 84' lang='lat' dir='ltr'>probatur</span> <span class='ocrx_word' id='word_1_95' title='bbox 1616 1731 1755 1792; x_wconf 82' lang='lat' dir='ltr'>haec</span> <span class='ocrx_word' id='word_1_96' title='bbox 1790 1729 2000 1809; x_wconf 91' lang='lat' dir='ltr'>opinio</span> <span class='ocrx_word' id='word_1_97' title='bbox 2029 1745 2107 1789; x_wconf 86' lang='lat' dir='ltr'>ex</span> 
     </span>
     <span class='ocr_line' id='line_1_16' title="bbox 546 1822 2108 1904; baseline -0.006 -12"><span class='ocrx_word' id='word_1_98' title='bbox 546 1831 779 1892; x_wconf 85' lang='lat' dir='ltr'>sanctis</span> <span class='ocrx_word' id='word_1_99' title='bbox 822 1827 1130 1890; x_wconf 85' lang='lat' dir='ltr'>Patribus.</span> <span class='ocrx_word' id='word_1_100' title='bbox 1177 1825 1421 1888; x_wconf 87' lang='lat' dir='ltr'>Primus</span> <span class='ocrx_word' id='word_1_101' title='bbox 1462 1827 1541 1888; x_wconf 85' lang='lat' dir='ltr'>sit</span> <span class='ocrx_word' id='word_1_102' title='bbox 1582 1822 1879 1904; x_wconf 79' lang='lat' dir='ltr'>cyrillus,</span> <span class='ocrx_word' id='word_1_103' title='bbox 1915 1840 2108 1901; x_wconf 82' lang='lat' dir='ltr'>quem</span> 
     </span>
     <span class='ocr_line' id='line_1_17' title="bbox 541 1917 2108 2005; baseline -0.004 -20"><span class='ocrx_word' id='word_1_104' title='bbox 541 1926 676 2005; x_wconf 86' lang='lat' dir='ltr'>jam</span> <span class='ocrx_word' id='word_1_105' title='bbox 697 1921 1073 1985; x_wconf 79' lang='lat' dir='ltr'>adduximus</span> <span class='ocrx_word' id='word_1_106' title='bbox 1102 1921 1165 1982; x_wconf 89' lang='lat' dir='ltr'>in</span> <span class='ocrx_word' id='word_1_107' title='bbox 1192 1919 1301 1982; x_wconf 85' lang='lat' dir='ltr'>lib.</span> <span class='ocrx_word' id='word_1_108' title='bbox 1326 1919 1409 1982; x_wconf 85' lang='lat' dir='ltr'>ad</span> <span class='ocrx_word' id='word_1_109' title='bbox 1427 1919 1784 1999; x_wconf 82' lang='lat' dir='ltr'>Evoptium,</span> <span class='ocrx_word' id='word_1_110' title='bbox 1806 1919 1871 1978; x_wconf 89' lang='lat' dir='ltr'>in</span> <span class='ocrx_word' id='word_1_111' title='bbox 1894 1917 2108 1979; x_wconf 82' lang='lat' dir='ltr'>defen-</span> 
     </span>
     <span class='ocr_line' id='line_1_18' title="bbox 548 2011 2106 2092; baseline -0.006 -12"><span class='ocrx_word' id='word_1_112' title='bbox 548 2019 725 2080; x_wconf 85' lang='lat' dir='ltr'>sione</span> <span class='ocrx_word' id='word_1_113' title='bbox 766 2017 929 2079; x_wconf 76' lang='lat' dir='ltr'>sexti</span> <span class='ocrx_word' id='word_1_114' title='bbox 974 2014 1522 2088; x_wconf 88' lang='lat' dir='ltr'>anathematismi,</span> <span class='ocrx_word' id='word_1_115' title='bbox 1572 2020 1635 2075; x_wconf 90' lang='lat' dir='ltr'>et</span> <span class='ocrx_word' id='word_1_116' title='bbox 1668 2013 1739 2074; x_wconf 91' lang='lat' dir='ltr'>in</span> <span class='ocrx_word' id='word_1_117' title='bbox 1786 2012 1968 2092; x_wconf 85' lang='lat' dir='ltr'>epist.</span> <span class='ocrx_word' id='word_1_118' title='bbox 2005 2011 2106 2086; x_wconf 77' lang='lat'>10,</span> 
     </span>
     <span class='ocr_line' id='line_1_19' title="bbox 546 2107 2105 2188; baseline -0.006 -10"><span class='ocrx_word' id='word_1_119' title='bbox 546 2131 691 2178; x_wconf 88' lang='lat' dir='ltr'>cum</span> <span class='ocrx_word' id='word_1_120' title='bbox 718 2111 951 2176; x_wconf 84' lang='lat' dir='ltr'>Concll.</span> <span class='ocrx_word' id='word_1_121' title='bbox 988 2110 1294 2174; x_wconf 83' lang='lat' dir='ltr'>Alexand.</span> <span class='ocrx_word' id='word_1_122' title='bbox 1328 2115 1622 2188; x_wconf 85' lang='lat' dir='ltr'>suscepta</span> <span class='ocrx_word' id='word_1_123' title='bbox 1652 2108 1721 2169; x_wconf 89' lang='lat' dir='ltr'>in</span> <span class='ocrx_word' id='word_1_124' title='bbox 1748 2107 2105 2187; x_wconf 63' lang='lat' dir='ltr'>Ephesium</span> 
     </span>
     <span class='ocr_line' id='line_1_20' title="bbox 546 2201 2112 2288; baseline -0.005 -18"><span class='ocrx_word' id='word_1_125' title='bbox 546 2213 611 2270; x_wconf 86' lang='lat' dir='ltr'>et</span> <span class='ocrx_word' id='word_1_126' title='bbox 634 2209 938 2288; x_wconf 83' lang='lat' dir='ltr'>praeterea</span> <span class='ocrx_word' id='word_1_127' title='bbox 966 2205 1076 2268; x_wconf 87' lang='lat' dir='ltr'>lib.</span> <span class='ocrx_word' id='word_1_128' title='bbox 1112 2205 1190 2266; x_wconf 71' lang='lat'>42</span> <span class='ocrx_word' id='word_1_129' title='bbox 1224 2203 1569 2279; x_wconf 84' lang='lat' dir='ltr'>Thesauri,</span> <span class='ocrx_word' id='word_1_130' title='bbox 1610 2219 1750 2281; x_wconf 86' lang='lat' dir='ltr'>cap.</span> <span class='ocrx_word' id='word_1_131' title='bbox 1790 2203 1867 2262; x_wconf 79' lang='lat'>15</span> <span class='ocrx_word' id='word_1_132' title='bbox 1889 2247 1909 2278; x_wconf 97' lang='lat'>,</span> <span class='ocrx_word' id='word_1_133' title='bbox 1942 2201 2112 2263; x_wconf 87' lang='lat' dir='ltr'>circa</span> 
     </span>
     <span class='ocr_line' id='line_1_21' title="bbox 544 2298 2114 2378; baseline -0.004 -15"><span class='ocrx_word' id='word_1_134' title='bbox 544 2301 735 2364; x_wconf 87' lang='lat' dir='ltr'>finem</span> <span class='ocrx_word' id='word_1_135' title='bbox 782 2321 797 2362; x_wconf 73' lang='lat' dir='ltr'><em>z</em></span> <span class='ocrx_word' id='word_1_136' title='bbox 835 2299 1021 2365; x_wconf 77' lang='lat' dir='ltr'>Servi</span> <span class='ocrx_word' id='word_1_137' title='bbox 1046 2298 1327 2378; x_wconf 85' lang='lat' dir='ltr'>(inquit)</span> <span class='ocrx_word' id='word_1_138' title='bbox 1358 2298 1473 2361; x_wconf 86' lang='lat' dir='ltr'>Dei</span> <span class='ocrx_word' id='word_1_139' title='bbox 1510 2313 1617 2359; x_wconf 78' lang='lat' dir='ltr'>nos</span> <span class='ocrx_word' id='word_1_140' title='bbox 1662 2312 1871 2359; x_wconf 74' lang='lat' dir='ltr'>sumus</span> <span class='ocrx_word' id='word_1_141' title='bbox 1913 2313 2114 2358; x_wconf 71' lang='lat' dir='ltr'>seeun-</span> 
     </span>
     <span class='ocr_line' id='line_1_22' title="bbox 546 2389 2114 2476; baseline -0.006 -17"><span class='ocrx_word' id='word_1_142' title='bbox 546 2396 687 2459; x_wconf 65' lang='lat' dir='ltr'>dum</span> <span class='ocrx_word' id='word_1_143' title='bbox 709 2398 1021 2469; x_wconf 78' lang='lat' dir='ltr'>naturam,</span> <span class='ocrx_word' id='word_1_144' title='bbox 1054 2395 1187 2476; x_wconf 80' lang='lat' dir='ltr'>ipse</span> <span class='ocrx_word' id='word_1_145' title='bbox 1220 2392 1500 2455; x_wconf 72' lang='lat' dir='ltr'>dominus</span> <span class='ocrx_word' id='word_1_146' title='bbox 1528 2390 1765 2472; x_wconf 72' lang='lat' dir='ltr'>quidem</span> <span class='ocrx_word' id='word_1_147' title='bbox 1789 2389 2114 2452; x_wconf 73' lang='lat' dir='ltr'>seeundum</span> 
     </span>
     <span class='ocr_line' id='line_1_23' title="bbox 542 2485 2110 2568; baseline -0.004 -18"><span class='ocrx_word' id='word_1_148' title='bbox 542 2492 860 2565; x_wconf 70' lang='lat' dir='ltr'>naturam,</span> <span class='ocrx_word' id='word_1_149' title='bbox 914 2489 1060 2568; x_wconf 79' lang='lat' dir='ltr'>qnia</span> <span class='ocrx_word' id='word_1_150' title='bbox 1098 2487 1287 2564; x_wconf 75' lang='lat' dir='ltr'>Deus,</span> <span class='ocrx_word' id='word_1_151' title='bbox 1330 2487 1437 2550; x_wconf 82' lang='lat' dir='ltr'>sed</span> <span class='ocrx_word' id='word_1_152' title='bbox 1482 2499 1693 2549; x_wconf 69' lang='lat' dir='ltr'>servus</span> <span class='ocrx_word' id='word_1_153' title='bbox 1742 2485 1950 2558; x_wconf 77' lang='lat' dir='ltr'>faetus</span> <span class='ocrx_word' id='word_1_154' title='bbox 2001 2487 2110 2556; x_wconf 84' lang='lat' dir='ltr'>est,</span> 
     </span>
     <span class='ocr_line' id='line_1_24' title="bbox 546 2575 2112 2664; baseline -0.006 -19"><span class='ocrx_word' id='word_1_155' title='bbox 546 2583 690 2664; x_wconf 71' lang='lat' dir='ltr'>qnia</span> <span class='ocrx_word' id='word_1_156' title='bbox 714 2597 849 2644; x_wconf 76' lang='lat' dir='ltr'>vere</span> <span class='ocrx_word' id='word_1_157' title='bbox 874 2581 1043 2643; x_wconf 68' lang='lat' dir='ltr'>nomo</span> <span class='ocrx_word' id='word_1_158' title='bbox 1060 2607 1087 2656; x_wconf 85' lang='lat'>,·</span> <span class='ocrx_word' id='word_1_159' title='bbox 1110 2581 1223 2642; x_wconf 86' lang='lat' dir='ltr'>ubi</span> <span class='ocrx_word' id='word_1_160' title='bbox 1250 2579 1529 2642; x_wconf 87' lang='lat' dir='ltr'>notanda</span> <span class='ocrx_word' id='word_1_161' title='bbox 1558 2583 1655 2640; x_wconf 87' lang='lat' dir='ltr'>est</span> <span class='ocrx_word' id='word_1_162' title='bbox 1681 2576 1785 2639; x_wconf 87' lang='lat' dir='ltr'>illa</span> <span class='ocrx_word' id='word_1_163' title='bbox 1814 2575 2112 2652; x_wconf 86' lang='lat' dir='ltr'>causalis,</span> 
     </span>
     <span class='ocr_line' id='line_1_25' title="bbox 544 2669 2114 2738; baseline -0.006 0"><span class='ocrx_word' id='word_1_164' title='bbox 544 2693 673 2738; x_wconf 90' lang='lat' dir='ltr'>non</span> <span class='ocrx_word' id='word_1_165' title='bbox 704 2675 871 2736; x_wconf 88' lang='lat' dir='ltr'>enim</span> <span class='ocrx_word' id='word_1_166' title='bbox 894 2675 1121 2736; x_wconf 86' lang='lat' dir='ltr'>fundat</span> <span class='ocrx_word' id='word_1_167' title='bbox 1164 2675 1329 2735; x_wconf 83' lang='lat' dir='ltr'>hauc</span> <span class='ocrx_word' id='word_1_168' title='bbox 1360 2673 1723 2734; x_wconf 85' lang='lat' dir='ltr'>servitutem</span> <span class='ocrx_word' id='word_1_169' title='bbox 1762 2669 1829 2732; x_wconf 90' lang='lat' dir='ltr'>in</span> <span class='ocrx_word' id='word_1_170' title='bbox 1858 2669 2114 2732; x_wconf 85' lang='lat' dir='ltr'>humili·</span> 
     </span>
     <span class='ocr_line' id='line_1_26' title="bbox 544 2764 2113 2848; baseline -0.004 -18"><span class='ocrx_word' id='word_1_171' title='bbox 544 2774 697 2843; x_wconf 84' lang='lat' dir='ltr'>tate,</span> <span class='ocrx_word' id='word_1_172' title='bbox 726 2769 830 2830; x_wconf 82' lang='lat' dir='ltr'>vel</span> <span class='ocrx_word' id='word_1_173' title='bbox 858 2769 1203 2830; x_wconf 88' lang='lat' dir='ltr'>ministerio</span> <span class='ocrx_word' id='word_1_174' title='bbox 1228 2768 1462 2848; x_wconf 79' lang='lat' dir='ltr'>aliquo,</span> <span class='ocrx_word' id='word_1_175' title='bbox 1488 2765 1602 2827; x_wconf 89' lang='lat' dir='ltr'>sed</span> <span class='ocrx_word' id='word_1_176' title='bbox 1626 2765 1691 2826; x_wconf 92' lang='lat' dir='ltr'>in</span> <span class='ocrx_word' id='word_1_177' title='bbox 1712 2764 1970 2826; x_wconf 82' lang='lat' dir='ltr'>veritate</span> <span class='ocrx_word' id='word_1_178' title='bbox 1991 2764 2113 2825; x_wconf 86' lang='lat' dir='ltr'>hu-</span> 
     </span>
     <span class='ocr_line' id='line_1_27' title="bbox 545 2857 2112 2940; baseline -0.003 -18"><span class='ocrx_word' id='word_1_179' title='bbox 545 2879 751 2924; x_wconf 68' lang='lat' dir='ltr'>manas</span> <span class='ocrx_word' id='word_1_180' title='bbox 762 2867 1005 2924; x_wconf 70' lang='lat' dir='ltr'>naturis</span> <span class='ocrx_word' id='word_1_181' title='bbox 1022 2884 1041 2938; x_wconf 90' lang='lat'><strong>;</strong></span> <span class='ocrx_word' id='word_1_182' title='bbox 1060 2867 1125 2923; x_wconf 87' lang='lat' dir='ltr'>et</span> <span class='ocrx_word' id='word_1_183' title='bbox 1144 2861 1291 2940; x_wconf 87' lang='lat' dir='ltr'>quia</span> <span class='ocrx_word' id='word_1_184' title='bbox 1310 2861 1389 2922; x_wconf 86' lang='lat' dir='ltr'>de</span> <span class='ocrx_word' id='word_1_185' title='bbox 1412 2860 1661 2922; x_wconf 85' lang='lat' dir='ltr'>ratione</span> <span class='ocrx_word' id='word_1_186' title='bbox 1684 2857 1817 2918; x_wconf 83' lang='lat' dir='ltr'>veri</span> <span class='ocrx_word' id='word_1_187' title='bbox 1839 2858 2112 2919; x_wconf 84' lang='lat' dir='ltr'>hominis</span> 
     </span>
     <span class='ocr_line' id='line_1_28' title="bbox 548 2950 2110 3032; baseline -0.001 -15"><span class='ocrx_word' id='word_1_188' title='bbox 548 2961 644 3017; x_wconf 82' lang='lat' dir='ltr'>est</span> <span class='ocrx_word' id='word_1_189' title='bbox 668 2961 737 3017; x_wconf 89' lang='lat' dir='ltr'>ut</span> <span class='ocrx_word' id='word_1_190' title='bbox 760 2956 837 3017; x_wconf 89' lang='lat' dir='ltr'>sit</span> <span class='ocrx_word' id='word_1_191' title='bbox 864 2957 1054 3017; x_wconf 86' lang='lat' dir='ltr'>etiam</span> <span class='ocrx_word' id='word_1_192' title='bbox 1084 2975 1301 3018; x_wconf 80' lang='lat' dir='ltr'>servus</span> <span class='ocrx_word' id='word_1_193' title='bbox 1318 2956 1451 3017; x_wconf 89' lang='lat' dir='ltr'>Dei.</span> <span class='ocrx_word' id='word_1_194' title='bbox 1482 2953 1781 3016; x_wconf 80' lang='lat' dir='ltr'>Praeterea</span> <span class='ocrx_word' id='word_1_195' title='bbox 1800 2951 1970 3013; x_wconf 89' lang='lat' dir='ltr'>idem</span> <span class='ocrx_word' id='word_1_196' title='bbox 1993 2950 2110 3032; x_wconf 78' lang='lat' dir='ltr'>Cy-</span> 
     </span>
     <span class='ocr_line' id='line_1_29' title="bbox 546 3046 2104 3130; baseline -0.003 -20"><span class='ocrx_word' id='word_1_197' title='bbox 546 3048 759 3122; x_wconf 81' lang='lat' dir='ltr'>rinus,</span> <span class='ocrx_word' id='word_1_198' title='bbox 792 3049 1021 3130; x_wconf 81' lang='lat' dir='ltr'>dialog.</span> <span class='ocrx_word' id='word_1_199' title='bbox 1073 3052 1113 3111; x_wconf 84' lang='lat'>6</span> <span class='ocrx_word' id='word_1_200' title='bbox 1154 3050 1236 3110; x_wconf 87' lang='lat' dir='ltr'>de</span> <span class='ocrx_word' id='word_1_201' title='bbox 1274 3049 1535 3122; x_wconf 59' lang='lat' dir='ltr'>Trium,</span> <span class='ocrx_word' id='word_1_202' title='bbox 1584 3054 1731 3109; x_wconf 85' lang='lat' dir='ltr'>aute</span> <span class='ocrx_word' id='word_1_203' title='bbox 1773 3046 2056 3107; x_wconf 87' lang='lat' dir='ltr'>medium</span> <span class='ocrx_word' id='word_1_204' title='bbox 2089 3067 2104 3106; x_wconf 74' lang='grc' dir='ltr'><em>ε</em></span> 
     </span>
     <span class='ocr_line' id='line_1_30' title="bbox 547 3140 2112 3224; baseline -0.005 -14"><span class='ocrx_word' id='word_1_205' title='bbox 547 3143 771 3210; x_wconf 74' lang='lat' dir='ltr'>Nonne</span> <span class='ocrx_word' id='word_1_206' title='bbox 796 3141 1075 3222; x_wconf 83' lang='lat' dir='ltr'>(inquit)</span> <span class='ocrx_word' id='word_1_207' title='bbox 1098 3145 1333 3224; x_wconf 75' lang='lat' dir='ltr'>quando</span> <span class='ocrx_word' id='word_1_208' title='bbox 1376 3145 1582 3220; x_wconf 66' lang='lat' dir='ltr'>faetus</span> <span class='ocrx_word' id='word_1_209' title='bbox 1620 3145 1709 3205; x_wconf 83' lang='lat' dir='ltr'>est</span> <span class='ocrx_word' id='word_1_210' title='bbox 1748 3140 1942 3215; x_wconf 73' lang='lat' dir='ltr'>nomo,</span> <span class='ocrx_word' id='word_1_211' title='bbox 1969 3143 2112 3202; x_wconf 68' lang='lat' dir='ltr'>tunc</span> 
     </span>
     <span class='ocr_line' id='line_1_31' title="bbox 548 3235 2112 3314; baseline -0.004 -13"><span class='ocrx_word' id='word_1_212' title='bbox 548 3238 701 3301; x_wconf 78' lang='lat' dir='ltr'>etin</span> <span class='ocrx_word' id='word_1_213' title='bbox 734 3236 897 3300; x_wconf 77' lang='lat' dir='ltr'>servi</span> <span class='ocrx_word' id='word_1_214' title='bbox 924 3240 1127 3314; x_wconf 79' lang='lat' dir='ltr'>forma</span> <span class='ocrx_word' id='word_1_215' title='bbox 1158 3238 1389 3301; x_wconf 79' lang='lat' dir='ltr'>venisse</span> <span class='ocrx_word' id='word_1_216' title='bbox 1422 3236 1695 3301; x_wconf 72' lang='lat' dir='ltr'>dicitur?</span> <span class='ocrx_word' id='word_1_217' title='bbox 1719 3235 1988 3299; x_wconf 76' lang='lat' dir='ltr'>Proinde</span> <span class='ocrx_word' id='word_1_218' title='bbox 2011 3251 2112 3296; x_wconf 83' lang='lat' dir='ltr'>ne-</span> 
     </span>
     <span class='ocr_line' id='line_1_32' title="bbox 548 3326 2111 3412; baseline -0.003 -19"><span class='ocrx_word' id='word_1_219' title='bbox 548 3330 809 3394; x_wconf 75' lang='lat' dir='ltr'>cessario</span> <span class='ocrx_word' id='word_1_220' title='bbox 846 3329 1305 3412; x_wconf 72' lang='lat' dir='ltr'>intelliyendwm</span> <span class='ocrx_word' id='word_1_221' title='bbox 1344 3335 1437 3394; x_wconf 78' lang='lat' dir='ltr'>est</span> <span class='ocrx_word' id='word_1_222' title='bbox 1454 3377 1473 3406; x_wconf 95' lang='lat'>,</span> <span class='ocrx_word' id='word_1_223' title='bbox 1504 3335 1645 3394; x_wconf 84' lang='lat' dir='ltr'>ante</span> <span class='ocrx_word' id='word_1_224' title='bbox 1688 3330 2010 3392; x_wconf 71' lang='lat' dir='ltr'>adventum</span> <span class='ocrx_word' id='word_1_225' title='bbox 2044 3326 2111 3388; x_wconf 79' lang='lat' dir='ltr'>in</span> 
     </span>
     <span class='ocr_line' id='line_1_33' title="bbox 548 3422 2116 3501; baseline -0.003 -13"><span class='ocrx_word' id='word_1_226' title='bbox 548 3441 747 3499; x_wconf 75' lang='lat' dir='ltr'>cam,</span> <span class='ocrx_word' id='word_1_227' title='bbox 782 3441 903 3486; x_wconf 80' lang='lat' dir='ltr'>non</span> <span class='ocrx_word' id='word_1_228' title='bbox 934 3425 1005 3486; x_wconf 78' lang='lat' dir='ltr'>in</span> <span class='ocrx_word' id='word_1_229' title='bbox 1022 3426 1187 3488; x_wconf 82' lang='lat' dir='ltr'>servi</span> <span class='ocrx_word' id='word_1_230' title='bbox 1208 3429 1405 3498; x_wconf 79' lang='lat' dir='ltr'>forma</span> <span class='ocrx_word' id='word_1_231' title='bbox 1425 3425 1619 3500; x_wconf 64' lang='lat' dir='ltr'>misse</span> <span class='ocrx_word' id='word_1_232' title='bbox 1651 3423 1920 3497; x_wconf 73' lang='lat' dir='ltr'>Verbum,</span> <span class='ocrx_word' id='word_1_233' title='bbox 1960 3422 2116 3501; x_wconf 76' lang='lat' dir='ltr'>qnod</span> 
     </span>
     <span class='ocr_line' id='line_1_34' title="bbox 548 3514 2108 3602; baseline -0.003 -22"><span class='ocrx_word' id='word_1_234' title='bbox 548 3535 623 3580; x_wconf 67' lang='lat' dir='ltr'>ece</span> <span class='ocrx_word' id='word_1_235' title='bbox 640 3518 761 3581; x_wconf 85' lang='lat' dir='ltr'>Deo</span> <span class='ocrx_word' id='word_1_236' title='bbox 780 3519 1095 3602; x_wconf 77' lang='lat' dir='ltr'>apparuit,</span> <span class='ocrx_word' id='word_1_237' title='bbox 1116 3519 1220 3580; x_wconf 81' lang='lat' dir='ltr'>sed</span> <span class='ocrx_word' id='word_1_238' title='bbox 1234 3519 1301 3579; x_wconf 83' lang='lat' dir='ltr'>in</span> <span class='ocrx_word' id='word_1_239' title='bbox 1318 3515 1790 3582; x_wconf 70' lang='lat' dir='ltr'>denominatione</span> <span class='ocrx_word' id='word_1_240' title='bbox 1810 3514 2108 3590; x_wconf 74' lang='lat' dir='ltr'>naturali,</span> 
     </span>
     <span class='ocr_line' id='line_1_35' title="bbox 547 3610 2111 3693; baseline -0.001 -18"><span class='ocrx_word' id='word_1_241' title='bbox 547 3610 696 3675; x_wconf 79' lang='lat' dir='ltr'>etin</span> <span class='ocrx_word' id='word_1_242' title='bbox 719 3611 995 3693; x_wconf 74' lang='lat' dir='ltr'>propriis</span> <span class='ocrx_word' id='word_1_243' title='bbox 1020 3610 1519 3688; x_wconf 72' lang='lat' dir='ltr'>sublimitatibus,</span> <span class='ocrx_word' id='word_1_244' title='bbox 1542 3611 1609 3674; x_wconf 84' lang='lat' dir='ltr'>in</span> <span class='ocrx_word' id='word_1_245' title='bbox 1632 3612 1847 3692; x_wconf 71' lang='lat' dir='ltr'>quibus</span> <span class='ocrx_word' id='word_1_246' title='bbox 1868 3626 2111 3674; x_wconf 71' lang='lat' dir='ltr'>manem</span> 
     </span>
     <span class='ocr_line' id='line_1_36' title="bbox 546 3703 2112 3788; baseline -0.001 -22"><span class='ocrx_word' id='word_1_247' title='bbox 546 3721 665 3768; x_wconf 80' lang='lat' dir='ltr'>non</span> <span class='ocrx_word' id='word_1_248' title='bbox 690 3703 901 3788; x_wconf 71' lang='lat' dir='ltr'>mayni</span> <span class='ocrx_word' id='word_1_249' title='bbox 920 3704 1069 3782; x_wconf 79' lang='lat' dir='ltr'>feeit</span> <span class='ocrx_word' id='word_1_250' title='bbox 1099 3709 1347 3786; x_wconf 74' lang='lat' dir='ltr'>propter</span> <span class='ocrx_word' id='word_1_251' title='bbox 1364 3704 1725 3770; x_wconf 70' lang='lat' dir='ltr'>charitatem</span> <span class='ocrx_word' id='word_1_252' title='bbox 1748 3704 1818 3764; x_wconf 86' lang='lat' dir='ltr'>in</span> <span class='ocrx_word' id='word_1_253' title='bbox 1838 3719 1970 3778; x_wconf 79' lang='lat' dir='ltr'>nos,</span> <span class='ocrx_word' id='word_1_254' title='bbox 2007 3721 2112 3786; x_wconf 79' lang='lat' dir='ltr'>ap-</span> 
     </span>
     <span class='ocr_line' id='line_1_37' title="bbox 538 3796 2112 3884; baseline -0.003 -22"><span class='ocrx_word' id='word_1_255' title='bbox 538 3799 915 3884; x_wconf 74' lang='lat' dir='ltr'>pellatusque</span> <span class='ocrx_word' id='word_1_256' title='bbox 960 3804 1049 3862; x_wconf 81' lang='lat' dir='ltr'>est</span> <span class='ocrx_word' id='word_1_257' title='bbox 1096 3817 1325 3864; x_wconf 72' lang='lat' dir='ltr'>servus.</span> <span class='ocrx_word' id='word_1_258' title='bbox 1360 3798 1554 3860; x_wconf 87' lang='lat' dir='ltr'>Paulo</span> <span class='ocrx_word' id='word_1_259' title='bbox 1596 3804 1811 3860; x_wconf 86' lang='lat' dir='ltr'>autem</span> <span class='ocrx_word' id='word_1_260' title='bbox 1846 3796 2112 3858; x_wconf 83' lang='lat' dir='ltr'>inferius</span> 
     </span>
     <span class='ocr_line' id='line_1_38' title="bbox 547 3891 2110 3973; baseline 0 -20"><span class='ocrx_word' id='word_1_261' title='bbox 547 3893 837 3973; x_wconf 81' lang='lat' dir='ltr'>quaedam</span> <span class='ocrx_word' id='word_1_262' title='bbox 876 3893 1071 3954; x_wconf 84' lang='lat' dir='ltr'>verba</span> <span class='ocrx_word' id='word_1_263' title='bbox 1114 3891 1367 3970; x_wconf 82' lang='lat' dir='ltr'>subdit,</span> <span class='ocrx_word' id='word_1_264' title='bbox 1417 3909 1557 3972; x_wconf 79' lang='lat' dir='ltr'>quae</span> <span class='ocrx_word' id='word_1_265' title='bbox 1602 3891 1801 3954; x_wconf 80' lang='lat' dir='ltr'>videri</span> <span class='ocrx_word' id='word_1_266' title='bbox 1842 3897 2110 3970; x_wconf 87' lang='lat' dir='ltr'>possunt</span> 
     </span>
     <span class='ocr_line' id='line_1_39' title="bbox 546 3985 2110 4063; baseline 0 -17"><span class='ocrx_word' id='word_1_267' title='bbox 546 3985 693 4047; x_wconf 86' lang='lat' dir='ltr'>huic</span> <span class='ocrx_word' id='word_1_268' title='bbox 720 3985 1047 4047; x_wconf 65' lang='lat' dir='ltr'>sententiaa</span> <span class='ocrx_word' id='word_1_269' title='bbox 1075 3986 1350 4063; x_wconf 85' lang='lat' dir='ltr'>obstare,</span> <span class='ocrx_word' id='word_1_270' title='bbox 1376 3985 1593 4047; x_wconf 85' lang='lat' dir='ltr'>dicens</span> <span class='ocrx_word' id='word_1_271' title='bbox 1626 4001 1645 4048; x_wconf 70' lang='grc' dir='ltr'><strong>ε</strong></span> <span class='ocrx_word' id='word_1_272' title='bbox 1676 3985 1976 4059; x_wconf 71' lang='lat' dir='ltr'>Quoniam</span> <span class='ocrx_word' id='word_1_273' title='bbox 2003 4001 2110 4046; x_wconf 77' lang='lat' dir='ltr'>an-</span> 
     </span>
     <span class='ocr_line' id='line_1_40' title="bbox 549 4077 2108 4151; baseline -0.002 -8"><span class='ocrx_word' id='word_1_274' title='bbox 549 4085 665 4143; x_wconf 79' lang='lat' dir='ltr'>tem</span> <span class='ocrx_word' id='word_1_275' title='bbox 691 4080 1009 4143; x_wconf 75' lang='lat' dir='ltr'>seeundum</span> <span class='ocrx_word' id='word_1_276' title='bbox 1050 4085 1338 4144; x_wconf 76' lang='lat' dir='ltr'>naturam</span> <span class='ocrx_word' id='word_1_277' title='bbox 1364 4085 1459 4143; x_wconf 86' lang='lat' dir='ltr'>est</span> <span class='ocrx_word' id='word_1_278' title='bbox 1497 4080 1659 4142; x_wconf 78' lang='lat' dir='ltr'>Dens</span> <span class='ocrx_word' id='word_1_279' title='bbox 1694 4083 1751 4141; x_wconf 83' lang='lat' dir='ltr'>et</span> <span class='ocrx_word' id='word_1_280' title='bbox 1784 4077 2108 4151; x_wconf 75' lang='lat' dir='ltr'>Dominus,</span> 
     </span>
     <span class='ocr_line' id='line_1_41' title="bbox 543 4170 2118 4255; baseline -0.002 -19"><span class='ocrx_word' id='word_1_281' title='bbox 543 4171 847 4254; x_wconf 78' lang='lat' dir='ltr'>permittit</span> <span class='ocrx_word' id='word_1_282' title='bbox 888 4178 947 4237; x_wconf 79' lang='lat' dir='ltr'>et</span> <span class='ocrx_word' id='word_1_283' title='bbox 974 4173 1265 4254; x_wconf 77' lang='lat' dir='ltr'>offensam</span> <span class='ocrx_word' id='word_1_284' title='bbox 1294 4176 1350 4236; x_wconf 80' lang='lat' dir='ltr'>et</span> <span class='ocrx_word' id='word_1_285' title='bbox 1396 4173 1423 4231; x_wconf 88' lang='lat' dir='ltr'>i</span> <span class='ocrx_word' id='word_1_286' title='bbox 1424 4171 1833 4255; x_wconf 57' lang='lat' dir='ltr'>mobilitatem</span> <span class='ocrx_word' id='word_1_287' title='bbox 1859 4170 2118 4234; x_wconf 70' lang='lat' dir='ltr'>see-vitu-</span> 
     </span>
     <span class='ocr_line' id='line_1_42' title="bbox 548 4265 2110 4348; baseline -0.003 -18"><span class='ocrx_word' id='word_1_288' title='bbox 548 4265 633 4330; x_wconf 83' lang='lat' dir='ltr'>tis</span> <span class='ocrx_word' id='word_1_289' title='bbox 667 4265 1015 4330; x_wconf 64' lang='lat' dir='ltr'>excellentia</span> <span class='ocrx_word' id='word_1_290' title='bbox 1064 4266 1277 4348; x_wconf 75' lang='lat' dir='ltr'>ylorioe</span> <span class='ocrx_word' id='word_1_291' title='bbox 1315 4267 1539 4329; x_wconf 78' lang='lat' dir='ltr'>vietam</span> <span class='ocrx_word' id='word_1_292' title='bbox 1576 4265 1824 4328; x_wconf 74' lang='lat' dir='ltr'>aboleri.</span> <span class='ocrx_word' id='word_1_293' title='bbox 1874 4267 1943 4326; x_wconf 91' lang='lat' dir='ltr'>In</span> <span class='ocrx_word' id='word_1_294' title='bbox 1985 4283 2110 4344; x_wconf 88' lang='lat' dir='ltr'>quo</span> 
     </span>
     <span class='ocr_line' id='line_1_43' title="bbox 547 4359 2110 4440; baseline -0.001 -21"><span class='ocrx_word' id='word_1_295' title='bbox 547 4359 849 4436; x_wconf 82' lang='lat' dir='ltr'>insinuat,</span> <span class='ocrx_word' id='word_1_296' title='bbox 878 4379 1020 4421; x_wconf 88' lang='lat' dir='ltr'>eam</span> <span class='ocrx_word' id='word_1_297' title='bbox 1054 4360 1417 4422; x_wconf 86' lang='lat' dir='ltr'>servitutem</span> <span class='ocrx_word' id='word_1_298' title='bbox 1450 4360 1653 4421; x_wconf 89' lang='lat' dir='ltr'>solum</span> <span class='ocrx_word' id='word_1_299' title='bbox 1682 4359 1877 4419; x_wconf 87' lang='lat' dir='ltr'>fuisse</span> <span class='ocrx_word' id='word_1_300' title='bbox 1907 4359 1972 4419; x_wconf 89' lang='lat' dir='ltr'>in</span> <span class='ocrx_word' id='word_1_301' title='bbox 2006 4377 2110 4440; x_wconf 86' lang='lat' dir='ltr'>ap·</span> 
     </span>
     <span class='ocr_line' id='line_1_44' title="bbox 548 4453 2112 4533; baseline 0.002 -21"><span class='ocrx_word' id='word_1_302' title='bbox 548 4454 835 4532; x_wconf 83' lang='lat' dir='ltr'>parentia</span> <span class='ocrx_word' id='word_1_303' title='bbox 858 4457 921 4515; x_wconf 85' lang='lat' dir='ltr'>et</span> <span class='ocrx_word' id='word_1_304' title='bbox 946 4453 1299 4515; x_wconf 85' lang='lat' dir='ltr'>humilitate</span> <span class='ocrx_word' id='word_1_305' title='bbox 1318 4454 1648 4533; x_wconf 88' lang='lat' dir='ltr'>passionis,</span> <span class='ocrx_word' id='word_1_306' title='bbox 1672 4453 1945 4532; x_wconf 87' lang='lat' dir='ltr'>ideoque</span> <span class='ocrx_word' id='word_1_307' title='bbox 1971 4470 2112 4515; x_wconf 88' lang='lat' dir='ltr'>esse</span> 
     </span>
     <span class='ocr_line' id='line_1_45' title="bbox 549 4547 2110 4628; baseline -0.001 -18"><span class='ocrx_word' id='word_1_308' title='bbox 549 4548 845 4610; x_wconf 83' lang='lat' dir='ltr'>abolitam</span> <span class='ocrx_word' id='word_1_309' title='bbox 880 4565 997 4628; x_wconf 90' lang='lat' dir='ltr'>per</span> <span class='ocrx_word' id='word_1_310' title='bbox 1034 4547 1299 4628; x_wconf 82' lang='lat' dir='ltr'>gloriam</span> <span class='ocrx_word' id='word_1_311' title='bbox 1340 4547 1837 4610; x_wconf 79' lang='lat' dir='ltr'>resurrectionis,</span> <span class='ocrx_word' id='word_1_312' title='bbox 1878 4547 2028 4622; x_wconf 87' lang='lat' dir='ltr'>Sed,</span> <span class='ocrx_word' id='word_1_313' title='bbox 2059 4547 2110 4609; x_wconf 86' lang='lat' dir='ltr'>si</span> 
     </span>
     <span class='ocr_line' id='line_1_46' title="bbox 548 4642 2111 4725; baseline 0.001 -21"><span class='ocrx_word' id='word_1_314' title='bbox 548 4643 689 4725; x_wconf 84' lang='lat' dir='ltr'>quis</span> <span class='ocrx_word' id='word_1_315' title='bbox 714 4648 1005 4705; x_wconf 83' lang='lat' dir='ltr'>accurate</span> <span class='ocrx_word' id='word_1_316' title='bbox 1046 4642 1355 4720; x_wconf 87' lang='lat' dir='ltr'>advertat,</span> <span class='ocrx_word' id='word_1_317' title='bbox 1384 4661 1511 4704; x_wconf 87' lang='lat' dir='ltr'>non</span> <span class='ocrx_word' id='word_1_318' title='bbox 1542 4643 1631 4705; x_wconf 84' lang='lat' dir='ltr'>ait</span> <span class='ocrx_word' id='word_1_319' title='bbox 1664 4643 1930 4723; x_wconf 83' lang='lat' dir='ltr'>Cyrillus</span> <span class='ocrx_word' id='word_1_320' title='bbox 1961 4644 2111 4706; x_wconf 86' lang='lat' dir='ltr'>aho-</span> 
     </span>
     <span class='ocr_line' id='line_1_47' title="bbox 547 4735 2113 4817; baseline 0.002 -19"><span class='ocrx_word' id='word_1_321' title='bbox 547 4737 721 4799; x_wconf 88' lang='lat' dir='ltr'>litam</span> <span class='ocrx_word' id='word_1_322' title='bbox 748 4735 941 4798; x_wconf 78' lang='lat' dir='ltr'>fuisso</span> <span class='ocrx_word' id='word_1_323' title='bbox 986 4737 1389 4814; x_wconf 81' lang='lat' dir='ltr'>servitutem,</span> <span class='ocrx_word' id='word_1_324' title='bbox 1424 4737 1539 4800; x_wconf 88' lang='lat' dir='ltr'>sed</span> <span class='ocrx_word' id='word_1_325' title='bbox 1566 4737 2021 4817; x_wconf 79' lang='lat' dir='ltr'>ignobilitatem</span> <span class='ocrx_word' id='word_1_326' title='bbox 2051 4745 2113 4801; x_wconf 88' lang='lat' dir='ltr'>et</span> 
     </span>
     <span class='ocr_line' id='line_1_48' title="bbox 549 4830 2110 4910; baseline -0.001 -16"><span class='ocrx_word' id='word_1_327' title='bbox 549 4831 853 4894; x_wconf 76' lang='lat' dir='ltr'>offensam</span> <span class='ocrx_word' id='word_1_328' title='bbox 884 4830 1196 4894; x_wconf 87' lang='lat' dir='ltr'>servitutis</span> <span class='ocrx_word' id='word_1_329' title='bbox 1216 4875 1234 4906; x_wconf 86' lang='lat'>‚</span> <span class='ocrx_word' id='word_1_330' title='bbox 1268 4830 1437 4910; x_wconf 85' lang='lat' dir='ltr'>quod</span> <span class='ocrx_word' id='word_1_331' title='bbox 1464 4830 1729 4892; x_wconf 74' lang='lat' dir='ltr'>iuferius</span> <span class='ocrx_word' id='word_1_332' title='bbox 1760 4831 1990 4893; x_wconf 86' lang='lat' dir='ltr'>clarius</span> <span class='ocrx_word' id='word_1_333' title='bbox 2017 4831 2110 4892; x_wconf 88' lang='lat' dir='ltr'>di·</span> 
     </span>
     <span class='ocr_line' id='line_1_49' title="bbox 550 4923 2110 5005; baseline 0.002 -21"><span class='ocrx_word' id='word_1_334' title='bbox 550 4923 652 4997; x_wconf 89' lang='lat' dir='ltr'>cit,</span> <span class='ocrx_word' id='word_1_335' title='bbox 698 4923 1139 5005; x_wconf 69' lang='lat' dir='ltr'>dispensationi</span> <span class='ocrx_word' id='word_1_336' title='bbox 1182 4925 1503 4988; x_wconf 75' lang='lat' dir='ltr'>seeundum</span> <span class='ocrx_word' id='word_1_337' title='bbox 1536 4941 1773 4988; x_wconf 77' lang='lat' dir='ltr'>samm</span> <span class='ocrx_word' id='word_1_338' title='bbox 1816 4925 1899 4988; x_wconf 79' lang='lat' dir='ltr'>ad</span> <span class='ocrx_word' id='word_1_339' title='bbox 1943 4925 2110 4988; x_wconf 77' lang='lat' dir='ltr'>breve</span> 
     </span>
     <span class='ocr_line' id='line_1_50' title="bbox 550 5016 2112 5099; baseline 0.001 -17"><span class='ocrx_word' id='word_1_340' title='bbox 550 5023 781 5099; x_wconf 75' lang='lat' dir='ltr'>tempus</span> <span class='ocrx_word' id='word_1_341' title='bbox 829 5016 1179 5098; x_wconf 72' lang='lat' dir='ltr'>permisisse</span> <span class='ocrx_word' id='word_1_342' title='bbox 1222 5019 1541 5081; x_wconf 69' lang='lat' dir='ltr'>servitutis</span> <span class='ocrx_word' id='word_1_343' title='bbox 1592 5018 1853 5094; x_wconf 83' lang='lat' dir='ltr'>modum,</span> <span class='ocrx_word' id='word_1_344' title='bbox 1903 5023 2112 5097; x_wconf 83' lang='lat' dir='ltr'>postea</span> 
     </span>
     <span class='ocr_line' id='line_1_51' title="bbox 546 5111 2114 5181; baseline 0 -7"><span class='ocrx_word' id='word_1_345' title='bbox 546 5129 683 5175; x_wconf 78' lang='lat' dir='ltr'>vero</span> <span class='ocrx_word' id='word_1_346' title='bbox 712 5113 795 5176; x_wconf 75' lang='lat' dir='ltr'>ad</span> <span class='ocrx_word' id='word_1_347' title='bbox 820 5113 1163 5176; x_wconf 78' lang='lat' dir='ltr'>claritatem</span> <span class='ocrx_word' id='word_1_348' title='bbox 1188 5111 1499 5175; x_wconf 79' lang='lat' dir='ltr'>naturalis</span> <span class='ocrx_word' id='word_1_349' title='bbox 1526 5111 1787 5176; x_wconf 81' lang='lat' dir='ltr'>dominii</span> <span class='ocrx_word' id='word_1_350' title='bbox 1818 5113 2068 5175; x_wconf 79' lang='lat' dir='ltr'>rediisse</span> <span class='ocrx_word' id='word_1_351' title='bbox 2085 5133 2114 5181; x_wconf 85' lang='lat'>,-</span> 
     </span>
     <span class='ocr_line' id='line_1_52' title="bbox 546 5203 2112 5286; baseline -0.001 -20"><span class='ocrx_word' id='word_1_352' title='bbox 546 5205 716 5267; x_wconf 88' lang='lat' dir='ltr'>hunc</span> <span class='ocrx_word' id='word_1_353' title='bbox 776 5224 926 5286; x_wconf 85' lang='lat' dir='ltr'>ergo</span> <span class='ocrx_word' id='word_1_354' title='bbox 970 5206 1231 5267; x_wconf 87' lang='lat' dir='ltr'>modum</span> <span class='ocrx_word' id='word_1_355' title='bbox 1284 5204 1601 5266; x_wconf 81' lang='lat' dir='ltr'>servitutis</span> <span class='ocrx_word' id='word_1_356' title='bbox 1648 5205 1821 5284; x_wconf 84' lang='lat' dir='ltr'>prius</span> <span class='ocrx_word' id='word_1_357' title='bbox 1864 5203 2112 5265; x_wconf 79' lang='lat' dir='ltr'>vocavit</span> 
     </span>
     <span class='ocr_line' id='line_1_53' title="bbox 548 5298 2112 5380; baseline 0 -20"><span class='ocrx_word' id='word_1_358' title='bbox 548 5299 1003 5380; x_wconf 84' lang='lat' dir='ltr'>ignobilitatem</span> <span class='ocrx_word' id='word_1_359' title='bbox 1070 5300 1420 5378; x_wconf 67' lang='lat' dir='ltr'>s-ervitutiS‚</span> <span class='ocrx_word' id='word_1_360' title='bbox 1480 5298 1905 5379; x_wconf 85' lang='lat' dir='ltr'>eumdemque</span> <span class='ocrx_word' id='word_1_361' title='bbox 1961 5298 2112 5360; x_wconf 84' lang='lat' dir='ltr'>dicit</span> 
     </span>
     <span class='ocr_line' id='line_1_54' title="bbox 552 5391 2111 5473; baseline -0.001 -19"><span class='ocrx_word' id='word_1_362' title='bbox 552 5409 689 5454; x_wconf 87' lang='lat' dir='ltr'>esse</span> <span class='ocrx_word' id='word_1_363' title='bbox 716 5394 993 5456; x_wconf 79' lang='lat' dir='ltr'>ablatum</span> <span class='ocrx_word' id='word_1_364' title='bbox 1048 5412 1157 5455; x_wconf 83' lang='lat' dir='ltr'>seu</span> <span class='ocrx_word' id='word_1_365' title='bbox 1208 5399 1521 5454; x_wconf 87' lang='lat' dir='ltr'>mutatum</span> <span class='ocrx_word' id='word_1_366' title='bbox 1566 5410 1684 5473; x_wconf 87' lang='lat' dir='ltr'>per</span> <span class='ocrx_word' id='word_1_367' title='bbox 1712 5391 1976 5471; x_wconf 80' lang='lat' dir='ltr'>gloriam</span> <span class='ocrx_word' id='word_1_368' title='bbox 2005 5409 2111 5452; x_wconf 86' lang='lat' dir='ltr'>re-</span> 
     </span>
     <span class='ocr_line' id='line_1_55' title="bbox 551 5483 2109 5569; baseline -0.002 -22"><span class='ocrx_word' id='word_1_369' title='bbox 551 5489 987 5564; x_wconf 79' lang='lat' dir='ltr'>surrectionis3</span> <span class='ocrx_word' id='word_1_370' title='bbox 1036 5488 1385 5569; x_wconf 81' lang='lat' dir='ltr'>ignominia</span> <span class='ocrx_word' id='word_1_371' title='bbox 1436 5491 1648 5549; x_wconf 85' lang='lat' dir='ltr'>autem</span> <span class='ocrx_word' id='word_1_372' title='bbox 1692 5485 2006 5548; x_wconf 80' lang='lat' dir='ltr'>servitutis</span> <span class='ocrx_word' id='word_1_373' title='bbox 2047 5483 2109 5544; x_wconf 87' lang='lat' dir='ltr'>in</span> 
     </span>
    </p>
   </div>
   <div class='ocr_carea' id='block_1_2' title="bbox 1790 311 2504 380">
    <p class='ocr_par' dir='ltr' id='par_1_3' title="bbox 1790 311 2504 380">
     <span class='ocr_line' id='line_1_56' title="bbox 1790 311 2504 380; baseline -0.004 -10"><span class='ocrx_word' id='word_1_374' title='bbox 1790 313 2029 380; x_wconf 73' lang='lat' dir='ltr'>QUAEST.</span> <span class='ocrx_word' id='word_1_375' title='bbox 2063 313 2168 369; x_wconf 76' lang='lat' dir='ltr'>XX.</span> <span class='ocrx_word' id='word_1_376' title='bbox 2203 311 2408 369; x_wconf 75' lang='lat' dir='ltr'>Aa‘rrc.</span> <span class='ocrx_word' id='word_1_377' title='bbox 2439 311 2504 368; x_wconf 81' lang='lat'>11.</span> 
     </span>
    </p>
   </div>
   <div class='ocr_carea' id='block_1_3' title="bbox 2178 415 3810 5607">
    <p class='ocr_par' dir='ltr' id='par_1_4' title="bbox 2189 415 3704 1046">
     <span class='ocr_line' id='line_1_57' title="bbox 2191 415 3702 496; baseline 0.003 -19"><span class='ocrx_word' id='word_1_378' title='bbox 2191 417 2314 478; x_wconf 86' lang='lat' dir='ltr'>hoc</span> <span class='ocrx_word' id='word_1_379' title='bbox 2339 415 2543 496; x_wconf 86' lang='lat' dir='ltr'>posita</span> <span class='ocrx_word' id='word_1_380' title='bbox 2583 415 2720 494; x_wconf 78' lang='lat' dir='ltr'>suit,</span> <span class='ocrx_word' id='word_1_381' title='bbox 2763 416 2938 496; x_wconf 86' lang='lat' dir='ltr'>quod</span> <span class='ocrx_word' id='word_1_382' title='bbox 2977 434 3106 478; x_wconf 89' lang='lat' dir='ltr'>nou</span> <span class='ocrx_word' id='word_1_383' title='bbox 3137 415 3362 478; x_wconf 83' lang='lat' dir='ltr'>solum</span> <span class='ocrx_word' id='word_1_384' title='bbox 3397 433 3598 480; x_wconf 79' lang='lat' dir='ltr'>servus</span> <span class='ocrx_word' id='word_1_385' title='bbox 3618 423 3702 488; x_wconf 75' lang='lat' dir='ltr'>Dei</span> 
     </span>
     <span class='ocr_line' id='line_1_58' title="bbox 2191 510 3702 592; baseline 0.005 -20"><span class='ocrx_word' id='word_1_386' title='bbox 2191 511 2436 572; x_wconf 86' lang='lat' dir='ltr'>ratione</span> <span class='ocrx_word' id='word_1_387' title='bbox 2454 517 2790 592; x_wconf 64' lang='lat' dir='ltr'>assumpta</span> <span class='ocrx_word' id='word_1_388' title='bbox 2805 517 3048 574; x_wconf 63' lang='lat' dir='ltr'>naturai</span> <span class='ocrx_word' id='word_1_389' title='bbox 3065 510 3276 574; x_wconf 77' lang='lat' dir='ltr'>factus</span> <span class='ocrx_word' id='word_1_390' title='bbox 3303 515 3422 584; x_wconf 87' lang='lat' dir='ltr'>est,</span> <span class='ocrx_word' id='word_1_391' title='bbox 3439 513 3544 572; x_wconf 85' lang='lat' dir='ltr'>sed</span> <span class='ocrx_word' id='word_1_392' title='bbox 3563 517 3702 580; x_wconf 80' lang='lat' dir='ltr'>etiam</span> 
     </span>
     <span class='ocr_line' id='line_1_59' title="bbox 2190 606 3704 687; baseline 0.003 -19"><span class='ocrx_word' id='word_1_393' title='bbox 2190 606 2442 668; x_wconf 88' lang='lat' dir='ltr'>tractari</span> <span class='ocrx_word' id='word_1_394' title='bbox 2473 607 2668 668; x_wconf 88' lang='lat' dir='ltr'>voluit</span> <span class='ocrx_word' id='word_1_395' title='bbox 2693 610 2764 670; x_wconf 83' lang='lat' dir='ltr'>ut</span> <span class='ocrx_word' id='word_1_396' title='bbox 2791 606 2917 668; x_wconf 83' lang='lat' dir='ltr'>vilo</span> <span class='ocrx_word' id='word_1_397' title='bbox 2941 607 3342 687; x_wconf 77' lang='lat' dir='ltr'>mancipium</span> <span class='ocrx_word' id='word_1_398' title='bbox 3365 648 3384 679; x_wconf 89' lang='lat'>,</span> <span class='ocrx_word' id='word_1_399' title='bbox 3413 625 3536 668; x_wconf 89' lang='lat' dir='ltr'>non</span> <span class='ocrx_word' id='word_1_400' title='bbox 3567 611 3704 674; x_wconf 78' lang='lat' dir='ltr'>aliter</span> 
     </span>
     <span class='ocr_line' id='line_1_60' title="bbox 2193 699 3704 780; baseline 0.003 -20"><span class='ocrx_word' id='word_1_401' title='bbox 2193 717 2384 779; x_wconf 89' lang='lat' dir='ltr'>quam</span> <span class='ocrx_word' id='word_1_402' title='bbox 2413 701 2469 760; x_wconf 89' lang='lat' dir='ltr'>si</span> <span class='ocrx_word' id='word_1_403' title='bbox 2495 701 2743 762; x_wconf 82' lang='lat' dir='ltr'>rationo</span> <span class='ocrx_word' id='word_1_404' title='bbox 2789 701 2991 780; x_wconf 78' lang='lat' dir='ltr'>culpae</span> <span class='ocrx_word' id='word_1_405' title='bbox 3019 706 3186 762; x_wconf 86' lang='lat' dir='ltr'>esset</span> <span class='ocrx_word' id='word_1_406' title='bbox 3229 699 3542 761; x_wconf 74' lang='lat' dir='ltr'>obnoxius</span> <span class='ocrx_word' id='word_1_407' title='bbox 3563 705 3704 764; x_wconf 79' lang='lat' dir='ltr'>servi·</span> 
     </span>
     <span class='ocr_line' id='line_1_61' title="bbox 2194 792 3704 874; baseline 0.003 -19"><span class='ocrx_word' id='word_1_408' title='bbox 2194 795 2330 856; x_wconf 86' lang='lat' dir='ltr'>tuti.</span> <span class='ocrx_word' id='word_1_409' title='bbox 2369 793 2556 856; x_wconf 77' lang='lat' dir='ltr'>Aliud</span> <span class='ocrx_word' id='word_1_410' title='bbox 2593 794 3024 856; x_wconf 85' lang='lat' dir='ltr'>testimonium</span> <span class='ocrx_word' id='word_1_411' title='bbox 3053 792 3356 874; x_wconf 84' lang='lat' dir='ltr'>ejusdem</span> <span class='ocrx_word' id='word_1_412' title='bbox 3399 793 3619 874; x_wconf 75' lang='lat' dir='ltr'>Gyrssli,</span> <span class='ocrx_word' id='word_1_413' title='bbox 3649 816 3704 859; x_wconf 67' lang='grc' dir='ltr'>ει</span> 
     </span>
     <span class='ocr_line' id='line_1_62' title="bbox 2189 887 3704 970; baseline 0.002 -21"><span class='ocrx_word' id='word_1_414' title='bbox 2189 888 2434 970; x_wconf 82' lang='lat' dir='ltr'>Dialog.</span> <span class='ocrx_word' id='word_1_415' title='bbox 2477 891 2536 964; x_wconf 74' lang='lat' dir='ltr'>t,</span> <span class='ocrx_word' id='word_1_416' title='bbox 2565 887 2994 968; x_wconf 81' lang='lat' dir='ltr'>expandemus</span> <span class='ocrx_word' id='word_1_417' title='bbox 3031 888 3310 950; x_wconf 85' lang='lat' dir='ltr'>inferius</span> <span class='ocrx_word' id='word_1_418' title='bbox 3351 889 3704 952; x_wconf 77' lang='lat' dir='ltr'>commodiori</span> 
     </span>
     <span class='ocr_line' id='line_1_63' title="bbox 2189 981 2352 1046; baseline 0.018 -3"><span class='ocrx_word' id='word_1_419' title='bbox 2189 981 2352 1046; x_wconf 85' lang='lat' dir='ltr'>loco.</span> 
     </span>
    </p>

    <p class='ocr_par' dir='ltr' id='par_1_5' title="bbox 2178 1075 3710 2845">
     <span class='ocr_line' id='line_1_64' title="bbox 2274 1075 3702 1152; baseline -0.001 -12"><span class='ocrx_word' id='word_1_420' title='bbox 2274 1078 2370 1140; x_wconf 75' lang='lat'>⁴6.</span> <span class='ocrx_word' id='word_1_421' title='bbox 2417 1077 2779 1141; x_wconf 83' lang='lat' dir='ltr'>Secundum</span> <span class='ocrx_word' id='word_1_422' title='bbox 2813 1075 3248 1140; x_wconf 81' lang='lat' dir='ltr'>testimonium</span> <span class='ocrx_word' id='word_1_423' title='bbox 3291 1076 3378 1137; x_wconf 87' lang='lat' dir='ltr'>sit</span> <span class='ocrx_word' id='word_1_424' title='bbox 3411 1075 3702 1152; x_wconf 74' lang='lat' dir='ltr'>Athanasii,</span> 
     </span>
     <span class='ocr_line' id='line_1_65' title="bbox 2189 1167 3704 1252; baseline 0.001 -19"><span class='ocrx_word' id='word_1_425' title='bbox 2189 1170 2370 1251; x_wconf 86' lang='lat' dir='ltr'>cujus</span> <span class='ocrx_word' id='word_1_426' title='bbox 2423 1178 2710 1252; x_wconf 82' lang='lat' dir='ltr'>apertum</span> <span class='ocrx_word' id='word_1_427' title='bbox 2766 1171 2974 1234; x_wconf 86' lang='lat' dir='ltr'>locum</span> <span class='ocrx_word' id='word_1_428' title='bbox 3023 1186 3222 1250; x_wconf 84' lang='lat' dir='ltr'>supra</span> <span class='ocrx_word' id='word_1_429' title='bbox 3277 1167 3622 1240; x_wconf 81' lang='lat' dir='ltr'>attulimus,</span> <span class='ocrx_word' id='word_1_430' title='bbox 3649 1189 3704 1234; x_wconf 80' lang='lat' dir='ltr'>ex</span> 
     </span>
     <span class='ocr_line' id='line_1_66' title="bbox 2191 1263 3708 1328; baseline -0.002 -2"><span class='ocrx_word' id='word_1_431' title='bbox 2191 1281 2380 1326; x_wconf 85' lang='lat' dir='ltr'>serm.</span> <span class='ocrx_word' id='word_1_432' title='bbox 2411 1265 2450 1326; x_wconf 88' lang='grc'><strong>3</strong></span> <span class='ocrx_word' id='word_1_433' title='bbox 2477 1271 2693 1328; x_wconf 87' lang='lat' dir='ltr'>contra</span> <span class='ocrx_word' id='word_1_434' title='bbox 2721 1265 3010 1327; x_wconf 81' lang='lat' dir='ltr'>Arianos.</span> <span class='ocrx_word' id='word_1_435' title='bbox 3043 1264 3166 1326; x_wconf 83' lang='lat' dir='ltr'>Sed</span> <span class='ocrx_word' id='word_1_436' title='bbox 3215 1263 3394 1326; x_wconf 74' lang='lat' dir='ltr'>alius</span> <span class='ocrx_word' id='word_1_437' title='bbox 3422 1269 3515 1324; x_wconf 84' lang='lat' dir='ltr'>est</span> <span class='ocrx_word' id='word_1_438' title='bbox 3553 1265 3708 1323; x_wconf 81' lang='lat' dir='ltr'>mani-</span> 
     </span>
     <span class='ocr_line' id='line_1_67' title="bbox 2190 1356 3708 1436; baseline 0 -16"><span class='ocrx_word' id='word_1_439' title='bbox 2190 1357 2406 1420; x_wconf 82' lang='lat' dir='ltr'>festior</span> <span class='ocrx_word' id='word_1_440' title='bbox 2445 1359 2512 1419; x_wconf 91' lang='lat' dir='ltr'>in</span> <span class='ocrx_word' id='word_1_441' title='bbox 2541 1377 2730 1421; x_wconf 83' lang='lat' dir='ltr'>serm.</span> <span class='ocrx_word' id='word_1_442' title='bbox 2763 1361 2802 1421; x_wconf 89' lang='grc'>3</span> <span class='ocrx_word' id='word_1_443' title='bbox 2821 1405 2840 1436; x_wconf 90' lang='grc'>,</span> <span class='ocrx_word' id='word_1_444' title='bbox 2871 1357 2980 1420; x_wconf 80' lang='lat' dir='ltr'>fol.</span> <span class='ocrx_word' id='word_1_445' title='bbox 3011 1362 3075 1432; x_wconf 76' lang='lat'>4,</span> <span class='ocrx_word' id='word_1_446' title='bbox 3105 1357 3222 1418; x_wconf 89' lang='lat' dir='ltr'>uhi</span> <span class='ocrx_word' id='word_1_447' title='bbox 3249 1357 3464 1436; x_wconf 86' lang='lat' dir='ltr'>inquit</span> <span class='ocrx_word' id='word_1_448' title='bbox 3491 1374 3508 1416; x_wconf 75' lang='grc' dir='ltr'><strong><em>ε</em></strong></span> <span class='ocrx_word' id='word_1_449' title='bbox 3539 1356 3708 1432; x_wconf 61' lang='lat' dir='ltr'>Qatn-</span> 
     </span>
     <span class='ocr_line' id='line_1_68' title="bbox 2191 1451 3707 1532; baseline -0.003 -16"><span class='ocrx_word' id='word_1_450' title='bbox 2191 1469 2307 1517; x_wconf 79' lang='lat' dir='ltr'>nus</span> <span class='ocrx_word' id='word_1_451' title='bbox 2331 1455 2400 1516; x_wconf 84' lang='lat' dir='ltr'>in</span> <span class='ocrx_word' id='word_1_452' title='bbox 2427 1457 2688 1532; x_wconf 75' lang='lat' dir='ltr'>confesso</span> <span class='ocrx_word' id='word_1_453' title='bbox 2721 1458 2814 1516; x_wconf 84' lang='lat' dir='ltr'>est</span> <span class='ocrx_word' id='word_1_454' title='bbox 2851 1471 2984 1516; x_wconf 75' lang='lat' dir='ltr'>eum</span> <span class='ocrx_word' id='word_1_455' title='bbox 3011 1451 3314 1515; x_wconf 74' lang='lat' dir='ltr'>bominem</span> <span class='ocrx_word' id='word_1_456' title='bbox 3349 1467 3480 1513; x_wconf 84' lang='lat' dir='ltr'>esse</span> <span class='ocrx_word' id='word_1_457' title='bbox 3510 1455 3707 1526; x_wconf 65' lang='lat' dir='ltr'>maan,</span> 
     </span>
     <span class='ocr_line' id='line_1_69' title="bbox 2191 1544 3710 1621; baseline -0.002 -11"><span class='ocrx_word' id='word_1_458' title='bbox 2191 1547 2354 1610; x_wconf 81' lang='lat' dir='ltr'>nibil</span> <span class='ocrx_word' id='word_1_459' title='bbox 2397 1546 2774 1611; x_wconf 73' lang='lat' dir='ltr'>discriminis</span> <span class='ocrx_word' id='word_1_460' title='bbox 2811 1547 3116 1621; x_wconf 75' lang='lat' dir='ltr'>attulerit,</span> <span class='ocrx_word' id='word_1_461' title='bbox 3171 1545 3306 1608; x_wconf 74' lang='lat' dir='ltr'>sive</span> <span class='ocrx_word' id='word_1_462' title='bbox 3355 1555 3586 1614; x_wconf 73' lang='lat' dir='ltr'>smus,</span> <span class='ocrx_word' id='word_1_463' title='bbox 3615 1544 3710 1607; x_wconf 74' lang='lat' dir='ltr'>sive</span> 
     </span>
     <span class='ocr_line' id='line_1_70' title="bbox 2187 1637 3710 1722; baseline -0.002 -19"><span class='ocrx_word' id='word_1_464' title='bbox 2187 1641 2362 1720; x_wconf 72' lang='lat' dir='ltr'>filins</span> <span class='ocrx_word' id='word_1_465' title='bbox 2398 1639 2656 1705; x_wconf 64' lang='lat' dir='ltr'>leoninis</span> <span class='ocrx_word' id='word_1_466' title='bbox 2691 1641 3044 1722; x_wconf 71' lang='lat' dir='ltr'>appelletur.</span> <span class='ocrx_word' id='word_1_467' title='bbox 3087 1637 3313 1702; x_wconf 72' lang='lat' dir='ltr'>omes</span> <span class='ocrx_word' id='word_1_468' title='bbox 3347 1637 3508 1701; x_wconf 63' lang='lat' dir='ltr'>enirn</span> <span class='ocrx_word' id='word_1_469' title='bbox 3550 1637 3710 1701; x_wconf 71' lang='lat' dir='ltr'>istiu-</span> 
     </span>
     <span class='ocr_line' id='line_1_71' title="bbox 2185 1730 3708 1809; baseline -0.003 -11"><span class='ocrx_word' id='word_1_470' title='bbox 2185 1735 2347 1798; x_wconf 82' lang='lat' dir='ltr'>modi</span> <span class='ocrx_word' id='word_1_471' title='bbox 2365 1735 2590 1797; x_wconf 76' lang='lat' dir='ltr'>vocula·</span> <span class='ocrx_word' id='word_1_472' title='bbox 2607 1734 2678 1798; x_wconf 80' lang='lat' dir='ltr'>in</span> <span class='ocrx_word' id='word_1_473' title='bbox 2695 1735 2930 1797; x_wconf 79' lang='lat' dir='ltr'>ratione</span> <span class='ocrx_word' id='word_1_474' title='bbox 2954 1730 3374 1798; x_wconf 56' lang='lat' dir='ltr'>summensis</span> <span class='ocrx_word' id='word_1_475' title='bbox 3385 1731 3524 1794; x_wconf 78' lang='lat' dir='ltr'>bene</span> <span class='ocrx_word' id='word_1_476' title='bbox 3548 1735 3599 1793; x_wconf 82' lang='lat' dir='ltr'>et</span> <span class='ocrx_word' id='word_1_477' title='bbox 3607 1748 3708 1809; x_wconf 80' lang='lat' dir='ltr'>pro·</span> 
     </span>
     <span class='ocr_line' id='line_1_72' title="bbox 2178 1824 3705 1911; baseline -0.003 -21"><span class='ocrx_word' id='word_1_478' title='bbox 2178 1828 2320 1911; x_wconf 75' lang='lat' dir='ltr'>pris</span> <span class='ocrx_word' id='word_1_479' title='bbox 2361 1833 2696 1910; x_wconf 63' lang='lat' dir='ltr'>competunt</span> <span class='ocrx_word' id='word_1_480' title='bbox 2708 1853 2734 1901; x_wconf 89' lang='lat'><em>;</em></span> <span class='ocrx_word' id='word_1_481' title='bbox 2781 1827 3010 1908; x_wconf 73' lang='lat' dir='ltr'>illaque</span> <span class='ocrx_word' id='word_1_482' title='bbox 3049 1827 3258 1891; x_wconf 77' lang='lat' dir='ltr'>omnia</span> <span class='ocrx_word' id='word_1_483' title='bbox 3307 1842 3434 1886; x_wconf 78' lang='lat' dir='ltr'>non</span> <span class='ocrx_word' id='word_1_484' title='bbox 3477 1824 3705 1887; x_wconf 65' lang='lat' dir='ltr'>metas·</span> 
     </span>
     <span class='ocr_line' id='line_1_73' title="bbox 2188 1918 3706 1996; baseline -0.004 -10"><span class='ocrx_word' id='word_1_485' title='bbox 2188 1923 2338 1986; x_wconf 75' lang='lat' dir='ltr'>tiam</span> <span class='ocrx_word' id='word_1_486' title='bbox 2375 1920 2554 1987; x_wconf 74' lang='lat' dir='ltr'>Verbi</span> <span class='ocrx_word' id='word_1_487' title='bbox 2583 1966 2599 1995; x_wconf 90' lang='lat'>‚</span> <span class='ocrx_word' id='word_1_488' title='bbox 2630 1922 2736 1986; x_wconf 80' lang='lat' dir='ltr'>ssd</span> <span class='ocrx_word' id='word_1_489' title='bbox 2757 1921 3048 1984; x_wconf 74' lang='lat' dir='ltr'>bominem</span> <span class='ocrx_word' id='word_1_490' title='bbox 3077 1937 3209 1984; x_wconf 75' lang='lat' dir='ltr'>enm</span> <span class='ocrx_word' id='word_1_491' title='bbox 3255 1918 3466 1996; x_wconf 66' lang='lat' dir='ltr'>fnisse</span> <span class='ocrx_word' id='word_1_492' title='bbox 3491 1918 3706 1980; x_wconf 54' lang='lat' dir='ltr'>&amp;mons-</span> 
     </span>
     <span class='ocr_line' id='line_1_74' title="bbox 2191 2009 3706 2094; baseline -0.007 -16"><span class='ocrx_word' id='word_1_493' title='bbox 2191 2017 2382 2078; x_wconf 75' lang='lat' dir='ltr'>trant.</span> <span class='ocrx_word' id='word_1_494' title='bbox 2431 2016 2501 2075; x_wconf 90' lang='lat' dir='ltr'>In</span> <span class='ocrx_word' id='word_1_495' title='bbox 2547 2031 2672 2094; x_wconf 85' lang='lat' dir='ltr'>quo</span> <span class='ocrx_word' id='word_1_496' title='bbox 2720 2011 3082 2076; x_wconf 87' lang='lat' dir='ltr'>testimonio</span> <span class='ocrx_word' id='word_1_497' title='bbox 3141 2009 3569 2092; x_wconf 70' lang='lat' dir='ltr'>expendendis</span> <span class='ocrx_word' id='word_1_498' title='bbox 3603 2015 3706 2069; x_wconf 81' lang='lat' dir='ltr'>sunt</span> 
     </span>
     <span class='ocr_line' id='line_1_75' title="bbox 2190 2103 3706 2189; baseline -0.005 -21"><span class='ocrx_word' id='word_1_499' title='bbox 2190 2108 2310 2170; x_wconf 74' lang='lat' dir='ltr'>illae</span> <span class='ocrx_word' id='word_1_500' title='bbox 2333 2107 2476 2170; x_wconf 80' lang='lat' dir='ltr'>duae</span> <span class='ocrx_word' id='word_1_501' title='bbox 2505 2125 2718 2182; x_wconf 84' lang='lat' dir='ltr'>voces,</span> <span class='ocrx_word' id='word_1_502' title='bbox 2747 2107 2902 2183; x_wconf 81' lang='lat' dir='ltr'>bene,</span> <span class='ocrx_word' id='word_1_503' title='bbox 2931 2113 2998 2169; x_wconf 83' lang='lat' dir='ltr'>et</span> <span class='ocrx_word' id='word_1_504' title='bbox 3020 2107 3270 2189; x_wconf 70' lang='lat' dir='ltr'>proprie</span> <span class='ocrx_word' id='word_1_505' title='bbox 3289 2151 3307 2181; x_wconf 94' lang='lat'>,</span> <span class='ocrx_word' id='word_1_506' title='bbox 3356 2103 3576 2183; x_wconf 83' lang='lat' dir='ltr'>quihus</span> <span class='ocrx_word' id='word_1_507' title='bbox 3595 2103 3706 2163; x_wconf 83' lang='lat' dir='ltr'>satis</span> 
     </span>
     <span class='ocr_line' id='line_1_76' title="bbox 2193 2199 3702 2280; baseline -0.005 -16"><span class='ocrx_word' id='word_1_508' title='bbox 2193 2203 2472 2264; x_wconf 84' lang='lat' dir='ltr'>declarat</span> <span class='ocrx_word' id='word_1_509' title='bbox 2499 2202 2877 2264; x_wconf 84' lang='lat' dir='ltr'>Athanasius</span> <span class='ocrx_word' id='word_1_510' title='bbox 2901 2219 2969 2264; x_wconf 89' lang='lat' dir='ltr'>se</span> <span class='ocrx_word' id='word_1_511' title='bbox 2997 2219 3128 2263; x_wconf 85' lang='lat' dir='ltr'>nou</span> <span class='ocrx_word' id='word_1_512' title='bbox 3156 2199 3582 2280; x_wconf 76' lang='lat' dir='ltr'>metaphorice</span> <span class='ocrx_word' id='word_1_513' title='bbox 3603 2214 3702 2258; x_wconf 77' lang='lat' dir='ltr'>csse</span> 
     </span>
     <span class='ocr_line' id='line_1_77' title="bbox 2193 2290 3706 2372; baseline -0.005 -15"><span class='ocrx_word' id='word_1_514' title='bbox 2193 2295 2494 2358; x_wconf 88' lang='lat' dir='ltr'>locutum.</span> <span class='ocrx_word' id='word_1_515' title='bbox 2541 2297 2651 2358; x_wconf 82' lang='lat' dir='ltr'>Est</span> <span class='ocrx_word' id='word_1_516' title='bbox 2697 2295 2872 2357; x_wconf 88' lang='lat' dir='ltr'>aliud</span> <span class='ocrx_word' id='word_1_517' title='bbox 2919 2295 3359 2358; x_wconf 83' lang='lat' dir='ltr'>testimonium</span> <span class='ocrx_word' id='word_1_518' title='bbox 3388 2290 3556 2372; x_wconf 82' lang='lat' dir='ltr'>apud</span> <span class='ocrx_word' id='word_1_519' title='bbox 3579 2307 3706 2351; x_wconf 81' lang='lat' dir='ltr'>eum-</span> 
     </span>
     <span class='ocr_line' id='line_1_78' title="bbox 2195 2385 3703 2468; baseline -0.005 -18"><span class='ocrx_word' id='word_1_520' title='bbox 2195 2389 2339 2451; x_wconf 88' lang='lat' dir='ltr'>dem</span> <span class='ocrx_word' id='word_1_521' title='bbox 2371 2391 2699 2463; x_wconf 82' lang='lat' dir='ltr'>Athanas.,</span> <span class='ocrx_word' id='word_1_522' title='bbox 2735 2395 2888 2451; x_wconf 89' lang='lat' dir='ltr'>tom.</span> <span class='ocrx_word' id='word_1_523' title='bbox 2919 2391 2983 2463; x_wconf 74' lang='lat'>2,</span> <span class='ocrx_word' id='word_1_524' title='bbox 3016 2389 3082 2450; x_wconf 87' lang='lat' dir='ltr'>in</span> <span class='ocrx_word' id='word_1_525' title='bbox 3113 2387 3302 2468; x_wconf 67' lang='lat' dir='ltr'>epist÷</span> <span class='ocrx_word' id='word_1_526' title='bbox 3333 2392 3546 2448; x_wconf 84' lang='lat' dir='ltr'>contra</span> <span class='ocrx_word' id='word_1_527' title='bbox 3565 2385 3703 2444; x_wconf 78' lang='lat' dir='ltr'>Euse-</span> 
     </span>
     <span class='ocr_line' id='line_1_79' title="bbox 2193 2478 3706 2564; baseline -0.005 -19"><span class='ocrx_word' id='word_1_528' title='bbox 2193 2483 2370 2545; x_wconf 87' lang='lat' dir='ltr'>bium</span> <span class='ocrx_word' id='word_1_529' title='bbox 2395 2501 2512 2564; x_wconf 83' lang='lat' dir='ltr'>pro</span> <span class='ocrx_word' id='word_1_530' title='bbox 2535 2483 2792 2546; x_wconf 82' lang='lat' dir='ltr'>Nicaena</span> <span class='ocrx_word' id='word_1_531' title='bbox 2827 2481 3086 2564; x_wconf 82' lang='lat' dir='ltr'>Synodo</span> <span class='ocrx_word' id='word_1_532' title='bbox 3107 2527 3124 2556; x_wconf 93' lang='lat'>‚</span> <span class='ocrx_word' id='word_1_533' title='bbox 3155 2482 3270 2543; x_wconf 87' lang='lat' dir='ltr'>uhi</span> <span class='ocrx_word' id='word_1_534' title='bbox 3301 2485 3526 2542; x_wconf 81' lang='lat' dir='ltr'>tractat</span> <span class='ocrx_word' id='word_1_535' title='bbox 3547 2478 3706 2538; x_wconf 77' lang='lat' dir='ltr'>locum</span> 
     </span>
     <span class='ocr_line' id='line_1_80' title="bbox 2194 2569 3704 2656; baseline -0.006 -18"><span class='ocrx_word' id='word_1_536' title='bbox 2194 2577 2373 2639; x_wconf 91' lang='lat' dir='ltr'>illum</span> <span class='ocrx_word' id='word_1_537' title='bbox 2419 2577 2712 2640; x_wconf 84' lang='lat' dir='ltr'>Proverh.</span> <span class='ocrx_word' id='word_1_538' title='bbox 2743 2578 2782 2640; x_wconf 83' lang='lat'>8</span> <span class='ocrx_word' id='word_1_539' title='bbox 2813 2591 2832 2638; x_wconf 75' lang='lat' dir='ltr'>t</span> <span class='ocrx_word' id='word_1_540' title='bbox 2871 2576 3167 2640; x_wconf 69' lang='lat' dir='ltr'>Dominus</span> <span class='ocrx_word' id='word_1_541' title='bbox 3189 2575 3468 2656; x_wconf 76' lang='lat' dir='ltr'>possedit</span> <span class='ocrx_word' id='word_1_542' title='bbox 3487 2587 3596 2648; x_wconf 80' lang='lat' dir='ltr'>m3</span> <span class='ocrx_word' id='word_1_543' title='bbox 3627 2569 3704 2630; x_wconf 80' lang='lat' dir='ltr'>sed</span> 
     </span>
     <span class='ocr_line' id='line_1_81' title="bbox 2191 2664 3706 2752; baseline -0.007 -19"><span class='ocrx_word' id='word_1_544' title='bbox 2191 2689 2322 2733; x_wconf 91' lang='lat' dir='ltr'>non</span> <span class='ocrx_word' id='word_1_545' title='bbox 2354 2676 2601 2752; x_wconf 87' lang='lat' dir='ltr'>oportet</span> <span class='ocrx_word' id='word_1_546' title='bbox 2629 2671 2828 2732; x_wconf 80' lang='lat' dir='ltr'>verba</span> <span class='ocrx_word' id='word_1_547' title='bbox 2853 2669 3114 2743; x_wconf 85' lang='lat' dir='ltr'>referre,</span> <span class='ocrx_word' id='word_1_548' title='bbox 3139 2669 3296 2749; x_wconf 86' lang='lat' dir='ltr'>quia</span> <span class='ocrx_word' id='word_1_549' title='bbox 3327 2676 3476 2730; x_wconf 85' lang='lat' dir='ltr'>sunt</span> <span class='ocrx_word' id='word_1_550' title='bbox 3493 2664 3610 2726; x_wconf 76' lang='lat' dir='ltr'>iere</span> <span class='ocrx_word' id='word_1_551' title='bbox 3631 2680 3706 2724; x_wconf 76' lang='lat' dir='ltr'>aa·</span> 
     </span>
     <span class='ocr_line' id='line_1_82' title="bbox 2191 2763 3170 2845; baseline -0.004 -17"><span class='ocrx_word' id='word_1_552' title='bbox 2191 2765 2338 2828; x_wconf 86' lang='lat' dir='ltr'>dem</span> <span class='ocrx_word' id='word_1_553' title='bbox 2363 2783 2509 2828; x_wconf 86' lang='lat' dir='ltr'>cum</span> <span class='ocrx_word' id='word_1_554' title='bbox 2539 2765 2831 2845; x_wconf 88' lang='lat' dir='ltr'>superius</span> <span class='ocrx_word' id='word_1_555' title='bbox 2861 2763 3170 2826; x_wconf 88' lang='lat' dir='ltr'>adductis.</span> 
     </span>
    </p>

    <p class='ocr_par' dir='ltr' id='par_1_6' title="bbox 2179 2851 3700 4538">
     <span class='ocr_line' id='line_1_83' title="bbox 2271 2851 3698 2926; baseline -0.008 -3"><span class='ocrx_word' id='word_1_556' title='bbox 2271 2863 2370 2923; x_wconf 76' lang='lat'>17.</span> <span class='ocrx_word' id='word_1_557' title='bbox 2416 2859 2697 2922; x_wconf 79' lang='lat' dir='ltr'>Tertium</span> <span class='ocrx_word' id='word_1_558' title='bbox 2743 2857 3170 2921; x_wconf 85' lang='lat' dir='ltr'>testimonium</span> <span class='ocrx_word' id='word_1_559' title='bbox 3215 2857 3300 2919; x_wconf 89' lang='lat' dir='ltr'>sit</span> <span class='ocrx_word' id='word_1_560' title='bbox 3345 2851 3698 2926; x_wconf 83' lang='lat' dir='ltr'>Nazianzeni,</span> 
     </span>
     <span class='ocr_line' id='line_1_84' title="bbox 2191 2945 3700 3035; baseline -0.009 -19"><span class='ocrx_word' id='word_1_561' title='bbox 2191 2956 2370 3035; x_wconf 78' lang='lat' dir='ltr'>cujus</span> <span class='ocrx_word' id='word_1_562' title='bbox 2393 2953 2585 3016; x_wconf 83' lang='lat' dir='ltr'>verba</span> <span class='ocrx_word' id='word_1_563' title='bbox 2615 2951 2904 3034; x_wconf 70' lang='lat' dir='ltr'>quasdam</span> <span class='ocrx_word' id='word_1_564' title='bbox 2933 2970 3012 3013; x_wconf 82' lang='lat' dir='ltr'>ex</span> <span class='ocrx_word' id='word_1_565' title='bbox 3041 2956 3200 3014; x_wconf 84' lang='lat' dir='ltr'>orat.</span> <span class='ocrx_word' id='word_1_566' title='bbox 3235 2954 3258 3013; x_wconf 71' lang='lat' dir='ltr'>i</span> <span class='ocrx_word' id='word_1_567' title='bbox 3301 2947 3576 3028; x_wconf 83' lang='lat' dir='ltr'>superius</span> <span class='ocrx_word' id='word_1_568' title='bbox 3593 2945 3700 3005; x_wconf 79' lang='lat' dir='ltr'>cita·</span> 
     </span>
     <span class='ocr_line' id='line_1_85' title="bbox 2187 3039 3696 3129; baseline -0.009 -17"><span class='ocrx_word' id='word_1_569' title='bbox 2187 3051 2413 3126; x_wconf 84' lang='lat' dir='ltr'>vimus,</span> <span class='ocrx_word' id='word_1_570' title='bbox 2437 3067 2578 3129; x_wconf 67' lang='lat' dir='ltr'>quae</span> <span class='ocrx_word' id='word_1_571' title='bbox 2595 3049 2796 3111; x_wconf 80' lang='lat' dir='ltr'>videri</span> <span class='ocrx_word' id='word_1_572' title='bbox 2821 3053 3088 3128; x_wconf 87' lang='lat' dir='ltr'>possunt</span> <span class='ocrx_word' id='word_1_573' title='bbox 3107 3063 3240 3108; x_wconf 87' lang='lat' dir='ltr'>non</span> <span class='ocrx_word' id='word_1_574' title='bbox 3261 3045 3424 3108; x_wconf 88' lang='lat' dir='ltr'>adeo</span> <span class='ocrx_word' id='word_1_575' title='bbox 3441 3039 3696 3122; x_wconf 78' lang='lat' dir='ltr'>urgentia,</span> 
     </span>
     <span class='ocr_line' id='line_1_86' title="bbox 2192 3141 3696 3222; baseline -0.005 -19"><span class='ocrx_word' id='word_1_576' title='bbox 2192 3143 2342 3222; x_wconf 88' lang='lat' dir='ltr'>quia</span> <span class='ocrx_word' id='word_1_577' title='bbox 2383 3160 2528 3205; x_wconf 89' lang='lat' dir='ltr'>cum</span> <span class='ocrx_word' id='word_1_578' title='bbox 2569 3143 2826 3204; x_wconf 89' lang='lat' dir='ltr'>nomine</span> <span class='ocrx_word' id='word_1_579' title='bbox 2857 3141 3019 3206; x_wconf 72' lang='lat' dir='ltr'>servi</span> <span class='ocrx_word' id='word_1_580' title='bbox 3054 3141 3178 3203; x_wconf 86' lang='lat' dir='ltr'>alia</span> <span class='ocrx_word' id='word_1_581' title='bbox 3225 3143 3563 3210; x_wconf 83' lang='lat' dir='ltr'>enumerat,</span> <span class='ocrx_word' id='word_1_582' title='bbox 3595 3147 3696 3212; x_wconf 58' lang='grc' dir='ltr'>φῦ,</span> 
     </span>
     <span class='ocr_line' id='line_1_87' title="bbox 2193 3227 3697 3316; baseline -0.005 -20"><span class='ocrx_word' id='word_1_583' title='bbox 2193 3254 2321 3298; x_wconf 85' lang='lat' dir='ltr'>non</span> <span class='ocrx_word' id='word_1_584' title='bbox 2365 3237 2620 3316; x_wconf 75' lang='lat' dir='ltr'>propi-le</span> <span class='ocrx_word' id='word_1_585' title='bbox 2652 3282 2670 3311; x_wconf 86' lang='lat'>,</span> <span class='ocrx_word' id='word_1_586' title='bbox 2719 3235 2831 3297; x_wconf 86' lang='lat' dir='ltr'>sed</span> <span class='ocrx_word' id='word_1_587' title='bbox 2871 3253 2986 3316; x_wconf 83' lang='lat' dir='ltr'>per</span> <span class='ocrx_word' id='word_1_588' title='bbox 3029 3233 3470 3314; x_wconf 81' lang='lat' dir='ltr'>metaphoram</span> <span class='ocrx_word' id='word_1_589' title='bbox 3509 3227 3697 3290; x_wconf 76' lang='lat' dir='ltr'>Christo</span> 
     </span>
     <span class='ocr_line' id='line_1_88' title="bbox 2191 3320 3692 3405; baseline -0.009 -14"><span class='ocrx_word' id='word_1_590' title='bbox 2191 3331 2594 3392; x_wconf 86' lang='lat' dir='ltr'>conveniunt.</span> <span class='ocrx_word' id='word_1_591' title='bbox 2649 3331 2924 3404; x_wconf 86' lang='lat' dir='ltr'>Tamen,</span> <span class='ocrx_word' id='word_1_592' title='bbox 2963 3327 3029 3389; x_wconf 91' lang='lat' dir='ltr'>in</span> <span class='ocrx_word' id='word_1_593' title='bbox 3073 3334 3234 3390; x_wconf 79' lang='lat' dir='ltr'>orat.</span> <span class='ocrx_word' id='word_1_594' title='bbox 3275 3329 3378 3402; x_wconf 78' lang='lat'>35,</span> <span class='ocrx_word' id='word_1_595' title='bbox 3423 3341 3552 3405; x_wconf 67' lang='lat' dir='ltr'>qua».</span> <span class='ocrx_word' id='word_1_596' title='bbox 3585 3320 3692 3381; x_wconf 72' lang='lat' dir='ltr'>esti</span> 
     </span>
     <span class='ocr_line' id='line_1_89' title="bbox 2191 3419 3696 3504; baseline -0.009 -21"><span class='ocrx_word' id='word_1_597' title='bbox 2191 3423 2270 3484; x_wconf 84' lang='lat' dir='ltr'>do</span> <span class='ocrx_word' id='word_1_598' title='bbox 2301 3423 2451 3484; x_wconf 89' lang='lat' dir='ltr'>Filio</span> <span class='ocrx_word' id='word_1_599' title='bbox 2470 3468 2491 3500; x_wconf 91' lang='lat'>,</span> <span class='ocrx_word' id='word_1_600' title='bbox 2523 3427 2585 3484; x_wconf 89' lang='lat' dir='ltr'>et</span> <span class='ocrx_word' id='word_1_601' title='bbox 2611 3423 2650 3484; x_wconf 80' lang='lat'>3</span> <span class='ocrx_word' id='word_1_602' title='bbox 2677 3421 2759 3483; x_wconf 88' lang='lat' dir='ltr'>de</span> <span class='ocrx_word' id='word_1_603' title='bbox 2783 3423 3112 3504; x_wconf 68' lang='lat' dir='ltr'>Theolog„</span> <span class='ocrx_word' id='word_1_604' title='bbox 3141 3423 3308 3484; x_wconf 81' lang='lat' dir='ltr'>cirea</span> <span class='ocrx_word' id='word_1_605' title='bbox 3339 3419 3523 3482; x_wconf 82' lang='lat' dir='ltr'>finem</span> <span class='ocrx_word' id='word_1_606' title='bbox 3544 3464 3555 3486; x_wconf 90' lang='lat'>,</span> <span class='ocrx_word' id='word_1_607' title='bbox 3579 3429 3696 3474; x_wconf 82' lang='lat' dir='ltr'>enu-</span> 
     </span>
     <span class='ocr_line' id='line_1_90' title="bbox 2191 3506 3693 3598; baseline -0.01 -20"><span class='ocrx_word' id='word_1_608' title='bbox 2191 3521 2393 3578; x_wconf 86' lang='lat' dir='ltr'>merat</span> <span class='ocrx_word' id='word_1_609' title='bbox 2423 3515 2558 3577; x_wconf 86' lang='lat' dir='ltr'>fere</span> <span class='ocrx_word' id='word_1_610' title='bbox 2587 3516 2798 3577; x_wconf 88' lang='lat' dir='ltr'>omnia</span> <span class='ocrx_word' id='word_1_611' title='bbox 2823 3515 3162 3598; x_wconf 72' lang='lat' dir='ltr'>praedicata</span> <span class='ocrx_word' id='word_1_612' title='bbox 3191 3532 3338 3595; x_wconf 79' lang='lat' dir='ltr'>quae</span> <span class='ocrx_word' id='word_1_613' title='bbox 3367 3512 3586 3575; x_wconf 87' lang='lat' dir='ltr'>ratione</span> <span class='ocrx_word' id='word_1_614' title='bbox 3611 3506 3693 3565; x_wconf 89' lang='lat' dir='ltr'>hu·</span> 
     </span>
     <span class='ocr_line' id='line_1_91' title="bbox 2190 3601 3694 3690; baseline -0.007 -19"><span class='ocrx_word' id='word_1_615' title='bbox 2190 3609 2508 3672; x_wconf 77' lang='lat' dir='ltr'>inanitatis</span> <span class='ocrx_word' id='word_1_616' title='bbox 2549 3609 2798 3690; x_wconf 86' lang='lat' dir='ltr'>proprie</span> <span class='ocrx_word' id='word_1_617' title='bbox 2845 3609 2928 3690; x_wconf 86' lang='lat' dir='ltr'>de</span> <span class='ocrx_word' id='word_1_618' title='bbox 2964 3609 3116 3671; x_wconf 88' lang='lat' dir='ltr'>Filio</span> <span class='ocrx_word' id='word_1_619' title='bbox 3157 3608 3269 3671; x_wconf 86' lang='lat' dir='ltr'>Dei</span> <span class='ocrx_word' id='word_1_620' title='bbox 3317 3608 3621 3674; x_wconf 61' lang='lat' dir='ltr'>dicuntum</span> <span class='ocrx_word' id='word_1_621' title='bbox 3649 3601 3694 3656; x_wconf 74' lang='lat' dir='ltr'>et</span> 
     </span>
     <span class='ocr_line' id='line_1_92' title="bbox 2189 3694 3691 3784; baseline -0.009 -19"><span class='ocrx_word' id='word_1_622' title='bbox 2189 3705 2356 3766; x_wconf 81' lang='lat' dir='ltr'>inter</span> <span class='ocrx_word' id='word_1_623' title='bbox 2377 3723 2452 3768; x_wconf 81' lang='lat' dir='ltr'>aa</span> <span class='ocrx_word' id='word_1_624' title='bbox 2479 3703 2660 3784; x_wconf 84' lang='lat' dir='ltr'>ponit</span> <span class='ocrx_word' id='word_1_625' title='bbox 2680 3720 2914 3766; x_wconf 90' lang='lat' dir='ltr'>nomen</span> <span class='ocrx_word' id='word_1_626' title='bbox 2941 3703 3103 3768; x_wconf 76' lang='lat' dir='ltr'>servi</span> <span class='ocrx_word' id='word_1_627' title='bbox 3113 3729 3139 3778; x_wconf 91' lang='lat'>,·</span> <span class='ocrx_word' id='word_1_628' title='bbox 3164 3703 3319 3779; x_wconf 90' lang='lat' dir='ltr'>imo,</span> <span class='ocrx_word' id='word_1_629' title='bbox 3341 3699 3520 3764; x_wconf 83' lang='lat' dir='ltr'>sentit</span> <span class='ocrx_word' id='word_1_630' title='bbox 3537 3694 3691 3772; x_wconf 79' lang='lat' dir='ltr'>abjec-</span> 
     </span>
     <span class='ocr_line' id='line_1_93' title="bbox 2191 3793 3692 3878; baseline -0.011 -18"><span class='ocrx_word' id='word_1_631' title='bbox 2191 3798 2350 3860; x_wconf 84' lang='lat' dir='ltr'>tiora</span> <span class='ocrx_word' id='word_1_632' title='bbox 2389 3816 2531 3860; x_wconf 86' lang='lat' dir='ltr'>esse</span> <span class='ocrx_word' id='word_1_633' title='bbox 2559 3797 2664 3858; x_wconf 88' lang='lat' dir='ltr'>illa</span> <span class='ocrx_word' id='word_1_634' title='bbox 2692 3797 2950 3860; x_wconf 89' lang='lat' dir='ltr'>nomina</span> <span class='ocrx_word' id='word_1_635' title='bbox 2979 3814 3121 3878; x_wconf 72' lang='lat' dir='ltr'>qum</span> <span class='ocrx_word' id='word_1_636' title='bbox 3151 3793 3548 3859; x_wconf 85' lang='lat' dir='ltr'>humanitatis</span> <span class='ocrx_word' id='word_1_637' title='bbox 3571 3803 3692 3849; x_wconf 86' lang='lat' dir='ltr'>mor·</span> 
     </span>
     <span class='ocr_line' id='line_1_94' title="bbox 2191 3878 3690 3974; baseline -0.009 -20"><span class='ocrx_word' id='word_1_638' title='bbox 2191 3892 2500 3954; x_wconf 86' lang='lat' dir='ltr'>talitatem</span> <span class='ocrx_word' id='word_1_639' title='bbox 2545 3891 2852 3969; x_wconf 84' lang='lat' dir='ltr'>indicant,</span> <span class='ocrx_word' id='word_1_640' title='bbox 2899 3908 3090 3974; x_wconf 86' lang='lat' dir='ltr'>qnam</span> <span class='ocrx_word' id='word_1_641' title='bbox 3129 3891 3294 3955; x_wconf 81' lang='lat' dir='ltr'>servi</span> <span class='ocrx_word' id='word_1_642' title='bbox 3341 3902 3554 3954; x_wconf 80' lang='lat' dir='ltr'>nomen·</span> <span class='ocrx_word' id='word_1_643' title='bbox 3579 3905 3592 3942; x_wconf 75' lang='grc' dir='ltr'><strong><em>ε</em></strong></span> <span class='ocrx_word' id='word_1_644' title='bbox 3621 3878 3690 3941; x_wconf 67' lang='grc' dir='ltr'>φα</span> 
     </span>
     <span class='ocr_line' id='line_1_95' title="bbox 2194 3978 3688 4068; baseline -0.004 -20"><span class='ocrx_word' id='word_1_645' title='bbox 2194 3986 2438 4068; x_wconf 84' lang='lat' dir='ltr'>(inquit)</span> <span class='ocrx_word' id='word_1_646' title='bbox 2471 3987 2628 4050; x_wconf 78' lang='lat' dir='ltr'>mibi</span> <span class='ocrx_word' id='word_1_647' title='bbox 2655 3993 2896 4064; x_wconf 74' lang='lat' dir='ltr'>eontra,</span> <span class='ocrx_word' id='word_1_648' title='bbox 2939 3987 3090 4050; x_wconf 74' lang='lat' dir='ltr'>illes</span> <span class='ocrx_word' id='word_1_649' title='bbox 3127 3978 3580 4068; x_wconf 61' lang='lat' dir='ltr'>ingratitudinis</span> <span class='ocrx_word' id='word_1_650' title='bbox 3605 3979 3688 4036; x_wconf 64' lang='grc' dir='ltr'>Μ</span> 
     </span>
     <span class='ocr_line' id='line_1_96' title="bbox 2193 4067 3688 4156; baseline -0.007 -11"><span class='ocrx_word' id='word_1_651' title='bbox 2193 4098 2358 4146; x_wconf 76' lang='lat' dir='ltr'>voees</span> <span class='ocrx_word' id='word_1_652' title='bbox 2371 4097 2675 4156; x_wconf 79' lang='lat' dir='ltr'>enumera,</span> <span class='ocrx_word' id='word_1_653' title='bbox 2691 4081 2822 4154; x_wconf 73' lang='lat' dir='ltr'>bas,</span> <span class='ocrx_word' id='word_1_654' title='bbox 2841 4079 3312 4154; x_wconf 76' lang='lat' dir='ltr'>videlieet‚Deus</span> <span class='ocrx_word' id='word_1_655' title='bbox 3323 4093 3496 4148; x_wconf 72' lang='lat' dir='ltr'>mens,</span> <span class='ocrx_word' id='word_1_656' title='bbox 3507 4075 3558 4134; x_wconf 83' lang='lat' dir='ltr'>et</span> <span class='ocrx_word' id='word_1_657' title='bbox 3568 4067 3688 4130; x_wconf 74' lang='lat' dir='ltr'>Dens</span> 
     </span>
     <span class='ocr_line' id='line_1_97' title="bbox 2195 4167 3688 4254; baseline -0.008 -15"><span class='ocrx_word' id='word_1_658' title='bbox 2195 4181 2410 4252; x_wconf 82' lang='lat' dir='ltr'>vester,</span> <span class='ocrx_word' id='word_1_659' title='bbox 2432 4173 2654 4254; x_wconf 78' lang='lat' dir='ltr'>major,</span> <span class='ocrx_word' id='word_1_660' title='bbox 2680 4175 2928 4245; x_wconf 72' lang='lat' dir='ltr'>creavit,</span> <span class='ocrx_word' id='word_1_661' title='bbox 2961 4175 3136 4252; x_wconf 79' lang='lat' dir='ltr'>feeit,</span> <span class='ocrx_word' id='word_1_662' title='bbox 3158 4167 3582 4250; x_wconf 50' lang='lat' dir='ltr'>sanetificavi&amp;</span> <span class='ocrx_word' id='word_1_663' title='bbox 3600 4173 3688 4221; x_wconf 44' lang='grc' dir='ltr'>πθ</span> 
     </span>
     <span class='ocr_line' id='line_1_98' title="bbox 2191 4257 3686 4348; baseline -0.002 -14"><span class='ocrx_word' id='word_1_664' title='bbox 2191 4287 2330 4334; x_wconf 80' lang='lat' dir='ltr'>vum</span> <span class='ocrx_word' id='word_1_665' title='bbox 2359 4271 2542 4332; x_wconf 78' lang='lat' dir='ltr'>etiam</span> <span class='ocrx_word' id='word_1_666' title='bbox 2571 4267 2652 4344; x_wconf 84' lang='lat' dir='ltr'>(si</span> <span class='ocrx_word' id='word_1_667' title='bbox 2675 4269 2772 4331; x_wconf 82' lang='lat' dir='ltr'>ita</span> <span class='ocrx_word' id='word_1_668' title='bbox 2800 4267 2980 4348; x_wconf 76' lang='lat' dir='ltr'>lubet)</span> <span class='ocrx_word' id='word_1_669' title='bbox 3005 4273 3064 4332; x_wconf 77' lang='lat' dir='ltr'>et</span> <span class='ocrx_word' id='word_1_670' title='bbox 3091 4267 3440 4331; x_wconf 76' lang='lat' dir='ltr'>obedientem</span> <span class='ocrx_word' id='word_1_671' title='bbox 3462 4257 3686 4337; x_wconf 54' lang='lat' dir='ltr'>adjvuat·</span> 
     </span>
     <span class='ocr_line' id='line_1_99' title="bbox 2195 4341 3683 4440; baseline -0.013 -16"><span class='ocrx_word' id='word_1_672' title='bbox 2195 4368 2258 4424; x_wconf 86' lang='lat' dir='ltr'>et</span> <span class='ocrx_word' id='word_1_673' title='bbox 2281 4359 2474 4423; x_wconf 83' lang='lat' dir='ltr'>infra:</span> <span class='ocrx_word' id='word_1_674' title='bbox 2501 4361 2668 4424; x_wconf 75' lang='lat' dir='ltr'>Adde</span> <span class='ocrx_word' id='word_1_675' title='bbox 2694 4361 2899 4435; x_wconf 78' lang='lat' dir='ltr'>etiam,</span> <span class='ocrx_word' id='word_1_676' title='bbox 2930 4361 2990 4424; x_wconf 83' lang='lat' dir='ltr'>si</span> <span class='ocrx_word' id='word_1_677' title='bbox 3015 4361 3108 4424; x_wconf 86' lang='lat' dir='ltr'>ita</span> <span class='ocrx_word' id='word_1_678' title='bbox 3129 4359 3352 4440; x_wconf 75' lang='lat' dir='ltr'>placet,</span> <span class='ocrx_word' id='word_1_679' title='bbox 3371 4373 3490 4439; x_wconf 67' lang='lat' dir='ltr'>qna·</span> <span class='ocrx_word' id='word_1_680' title='bbox 3513 4349 3594 4412; x_wconf 74' lang='lat' dir='ltr'>bis</span> <span class='ocrx_word' id='word_1_681' title='bbox 3615 4341 3683 4405; x_wconf 67' lang='lat' dir='ltr'>ab·</span> 
     </span>
     <span class='ocr_line' id='line_1_100' title="bbox 2179 4445 3658 4538; baseline -0.009 -17"><span class='ocrx_word' id='word_1_682' title='bbox 2179 4455 2442 4537; x_wconf 69' lang='lat' dir='ltr'>Jeetiora</span> <span class='ocrx_word' id='word_1_683' title='bbox 2463 4459 2632 4530; x_wconf 77' lang='lat' dir='ltr'>sunt,</span> <span class='ocrx_word' id='word_1_684' title='bbox 2662 4455 2946 4529; x_wconf 75' lang='lat' dir='ltr'>dormire,</span> <span class='ocrx_word' id='word_1_685' title='bbox 2981 4456 3234 4528; x_wconf 64' lang='lat' dir='ltr'>aurire,</span> <span class='ocrx_word' id='word_1_686' title='bbox 3268 4445 3528 4532; x_wconf 67' lang='lat' dir='ltr'>fatiqari.</span> <span class='ocrx_word' id='word_1_687' title='bbox 3647 4524 3658 4538; x_wconf 32' lang='grc' dir='ltr'>ι</span> 
     </span>
    </p>

    <p class='ocr_par' dir='ltr' id='par_1_7' title="bbox 2191 4539 3810 5607">
     <span class='ocr_line' id='line_1_101' title="bbox 2275 4539 3806 4632; baseline -0.007 -20"><span class='ocrx_word' id='word_1_688' title='bbox 2275 4551 2376 4612; x_wconf 81' lang='grc'>18.</span> <span class='ocrx_word' id='word_1_689' title='bbox 2415 4549 2720 4622; x_wconf 85' lang='lat' dir='ltr'>Quartum</span> <span class='ocrx_word' id='word_1_690' title='bbox 2738 4547 3169 4610; x_wconf 84' lang='lat' dir='ltr'>testimonium</span> <span class='ocrx_word' id='word_1_691' title='bbox 3199 4547 3278 4609; x_wconf 79' lang='lat' dir='ltr'>sit</span> <span class='ocrx_word' id='word_1_692' title='bbox 3305 4539 3680 4632; x_wconf 64' lang='lat' dir='ltr'>chrysostom¹3</span> <span class='ocrx_word' id='word_1_693' title='bbox 3804 4559 3806 4588; x_wconf 85' lang='lat'><strong>:</strong></span> 
     </span>
     <span class='ocr_line' id='line_1_102' title="bbox 2193 4635 3678 4722; baseline -0.005 -17"><span class='ocrx_word' id='word_1_694' title='bbox 2193 4661 2382 4706; x_wconf 85' lang='lat' dir='ltr'>serm.</span> <span class='ocrx_word' id='word_1_695' title='bbox 2414 4645 2476 4721; x_wconf 85' lang='lat'>7,</span> <span class='ocrx_word' id='word_1_696' title='bbox 2507 4641 2663 4703; x_wconf 89' lang='lat' dir='ltr'>inid</span> <span class='ocrx_word' id='word_1_697' title='bbox 2687 4641 2767 4703; x_wconf 87' lang='lat' dir='ltr'>ad</span> <span class='ocrx_word' id='word_1_698' title='bbox 2794 4640 3143 4722; x_wconf 86' lang='lat' dir='ltr'>Philippeu.</span> <span class='ocrx_word' id='word_1_699' title='bbox 3171 4641 3250 4703; x_wconf 74' lang='lat'>2:</span> <span class='ocrx_word' id='word_1_700' title='bbox 3279 4641 3546 4704; x_wconf 74' lang='lat' dir='ltr'>Famam</span> <span class='ocrx_word' id='word_1_701' title='bbox 3561 4635 3678 4719; x_wconf 61' lang='lat' dir='ltr'>mv}</span> 
     </span>
     <span class='ocr_line' id='line_1_103' title="bbox 2193 4727 3674 4824; baseline -0.008 -22"><span class='ocrx_word' id='word_1_702' title='bbox 2193 4735 2508 4818; x_wconf 72' lang='lat' dir='ltr'>accipiens,</span> <span class='ocrx_word' id='word_1_703' title='bbox 2543 4735 2648 4796; x_wconf 89' lang='lat' dir='ltr'>ubi</span> <span class='ocrx_word' id='word_1_704' title='bbox 2679 4735 2976 4812; x_wconf 81' lang='lat' dir='ltr'>declarat,</span> <span class='ocrx_word' id='word_1_705' title='bbox 3001 4735 3288 4815; x_wconf 85' lang='lat' dir='ltr'>accipere</span> <span class='ocrx_word' id='word_1_706' title='bbox 3307 4732 3544 4824; x_wconf 79' lang='lat' dir='ltr'>formam</span> <span class='ocrx_word' id='word_1_707' title='bbox 3559 4727 3674 4778; x_wconf 54' lang='lat'>⁵8³¹</span> 
     </span>
     <span class='ocr_line' id='line_1_104' title="bbox 2191 4819 3675 4912; baseline -0.011 -19"><span class='ocrx_word' id='word_1_708' title='bbox 2191 4849 2321 4893; x_wconf 90' lang='lat' dir='ltr'>non</span> <span class='ocrx_word' id='word_1_709' title='bbox 2359 4831 2554 4892; x_wconf 86' lang='lat' dir='ltr'>fuisse</span> <span class='ocrx_word' id='word_1_710' title='bbox 2603 4849 2764 4910; x_wconf 88' lang='lat' dir='ltr'>opus</span> <span class='ocrx_word' id='word_1_711' title='bbox 2811 4828 2971 4892; x_wconf 83' lang='lat' dir='ltr'>servi</span> <span class='ocrx_word' id='word_1_712' title='bbox 3017 4827 3222 4892; x_wconf 81' lang='lat' dir='ltr'>facere</span> <span class='ocrx_word' id='word_1_713' title='bbox 3239 4873 3258 4906; x_wconf 93' lang='lat'>,</span> <span class='ocrx_word' id='word_1_714' title='bbox 3309 4825 3418 4889; x_wconf 86' lang='lat' dir='ltr'>sed</span> <span class='ocrx_word' id='word_1_715' title='bbox 3453 4819 3675 4912; x_wconf 46' lang='lat' dir='ltr'>naturam</span> 
     </span>
     <span class='ocr_line' id='line_1_105' title="bbox 2191 4902 3670 5004; baseline -0.018 -16"><span class='ocrx_word' id='word_1_716' title='bbox 2191 4927 2353 4988; x_wconf 79' lang='lat' dir='ltr'>servi</span> <span class='ocrx_word' id='word_1_717' title='bbox 2373 4925 2663 5000; x_wconf 86' lang='lat' dir='ltr'>induere,</span> <span class='ocrx_word' id='word_1_718' title='bbox 2691 4942 2802 4986; x_wconf 89' lang='lat' dir='ltr'>seu</span> <span class='ocrx_word' id='word_1_719' title='bbox 2825 4941 3167 4985; x_wconf 85' lang='lat' dir='ltr'>assumere.</span> <span class='ocrx_word' id='word_1_720' title='bbox 3200 4921 3377 4986; x_wconf 88' lang='lat' dir='ltr'>Unde</span> <span class='ocrx_word' id='word_1_721' title='bbox 3399 4902 3670 5004; x_wconf 59' lang='lat' dir='ltr'>concludit:</span> 
     </span>
     <span class='ocr_line' id='line_1_106' title="bbox 2195 5001 3674 5100; baseline -0.003 -16"><span class='ocrx_word' id='word_1_722' title='bbox 2195 5021 2378 5085; x_wconf 74' lang='lat' dir='ltr'>Siout</span> <span class='ocrx_word' id='word_1_723' title='bbox 2403 5019 2470 5082; x_wconf 81' lang='lat' dir='ltr'>in</span> <span class='ocrx_word' id='word_1_724' title='bbox 2499 5021 2708 5096; x_wconf 83' lang='lat' dir='ltr'>forma</span> <span class='ocrx_word' id='word_1_725' title='bbox 2736 5019 2852 5081; x_wconf 90' lang='lat' dir='ltr'>Dei</span> <span class='ocrx_word' id='word_1_726' title='bbox 2873 5017 3185 5100; x_wconf 75' lang='lat' dir='ltr'>perfectus</span> <span class='ocrx_word' id='word_1_727' title='bbox 3213 5021 3306 5080; x_wconf 72' lang='lat' dir='ltr'>est</span> <span class='ocrx_word' id='word_1_728' title='bbox 3331 5014 3500 5080; x_wconf 73' lang='lat' dir='ltr'>Dm,</span> <span class='ocrx_word' id='word_1_729' title='bbox 3533 5001 3606 5064; x_wconf 60' lang='lat'>¹⁶²⁶</span> <span class='ocrx_word' id='word_1_730' title='bbox 3627 5005 3674 5096; x_wconf 63' lang='lat'>‚²¹</span> 
     </span>
     <span class='ocr_line' id='line_1_107' title="bbox 2191 5082 3668 5194; baseline -0.009 -19"><span class='ocrx_word' id='word_1_731' title='bbox 2191 5116 2398 5192; x_wconf 79' lang='lat' dir='ltr'>forma</span> <span class='ocrx_word' id='word_1_732' title='bbox 2423 5111 2585 5176; x_wconf 78' lang='lat' dir='ltr'>servi</span> <span class='ocrx_word' id='word_1_733' title='bbox 2611 5115 2920 5194; x_wconf 69' lang='lat' dir='ltr'>pei-festus</span> <span class='ocrx_word' id='word_1_734' title='bbox 2949 5116 3038 5175; x_wconf 87' lang='lat' dir='ltr'>est</span> <span class='ocrx_word' id='word_1_735' title='bbox 3063 5127 3296 5175; x_wconf 71' lang='lat' dir='ltr'>servus.</span> <span class='ocrx_word' id='word_1_736' title='bbox 3327 5107 3482 5170; x_wconf 87' lang='lat' dir='ltr'>Idem</span> <span class='ocrx_word' id='word_1_737' title='bbox 3509 5082 3668 5192; x_wconf 61' lang='lat' dir='ltr'>hunul·</span> 
     </span>
     <span class='ocr_line' id='line_1_108' title="bbox 2193 5189 3676 5284; baseline -0.005 -16"><span class='ocrx_word' id='word_1_738' title='bbox 2193 5207 2358 5268; x_wconf 85' lang='lat' dir='ltr'>circa</span> <span class='ocrx_word' id='word_1_739' title='bbox 2385 5206 2490 5268; x_wconf 84' lang='lat' dir='ltr'>illa</span> <span class='ocrx_word' id='word_1_740' title='bbox 2517 5206 2711 5266; x_wconf 82' lang='lat' dir='ltr'>verba</span> <span class='ocrx_word' id='word_1_741' title='bbox 2738 5205 2931 5266; x_wconf 83' lang='lat' dir='ltr'>David</span> <span class='ocrx_word' id='word_1_742' title='bbox 2958 5225 2974 5265; x_wconf 91' lang='lat'><strong>:</strong></span> <span class='ocrx_word' id='word_1_743' title='bbox 3010 5204 3158 5278; x_wconf 70' lang='lat' dir='ltr'>Quis</span> <span class='ocrx_word' id='word_1_744' title='bbox 3183 5221 3286 5284; x_wconf 72' lang='lat' dir='ltr'>eqo</span> <span class='ocrx_word' id='word_1_745' title='bbox 3309 5217 3456 5272; x_wconf 75' lang='lat' dir='ltr'>snm,</span> <span class='ocrx_word' id='word_1_746' title='bbox 3483 5189 3676 5282; x_wconf 51' lang='lat' dir='ltr'><em>DOW&#39;P</em></span> 
     </span>
     <span class='ocr_line' id='line_1_109' title="bbox 2192 5280 3810 5430; baseline -0.006 -66"><span class='ocrx_word' id='word_1_747' title='bbox 2192 5301 2404 5364; x_wconf 73' lang='lat' dir='ltr'>Deus?</span> <span class='ocrx_word' id='word_1_748' title='bbox 2439 5304 2468 5361; x_wconf 86' lang='lat'><strong>1</strong></span> <span class='ocrx_word' id='word_1_749' title='bbox 2505 5299 2882 5379; x_wconf 78' lang='lat' dir='ltr'>paralipom.</span> <span class='ocrx_word' id='word_1_750' title='bbox 2927 5302 3027 5372; x_wconf 82' lang='lat'>17,</span> <span class='ocrx_word' id='word_1_751' title='bbox 3067 5297 3269 5376; x_wconf 87' lang='lat' dir='ltr'>iuquit</span> <span class='ocrx_word' id='word_1_752' title='bbox 3307 5315 3322 5357; x_wconf 91' lang='lat'>:</span> <span class='ocrx_word' id='word_1_753' title='bbox 3369 5280 3668 5366; x_wconf 55' lang='lat' dir='ltr'>Quidnam·</span> <span class='ocrx_word' id='word_1_754' title='bbox 3807 5295 3810 5430; x_wconf 66' lang='grc'><em>.</em></span> 
     </span>
     <span class='ocr_line' id='line_1_110' title="bbox 2193 5375 3672 5470; baseline -0.005 -13"><span class='ocrx_word' id='word_1_755' title='bbox 2193 5395 2318 5457; x_wconf 79' lang='lat' dir='ltr'>lius</span> <span class='ocrx_word' id='word_1_756' title='bbox 2342 5411 2508 5457; x_wconf 77' lang='lat' dir='ltr'>servo</span> <span class='ocrx_word' id='word_1_757' title='bbox 2531 5393 2562 5454; x_wconf 83' lang='lat'><strong><em>?</em></strong></span> <span class='ocrx_word' id='word_1_758' title='bbox 2591 5399 2788 5456; x_wconf 78' lang='lat' dir='ltr'>tamen</span> <span class='ocrx_word' id='word_1_759' title='bbox 2811 5393 2920 5456; x_wconf 76' lang='lat' dir='ltr'>boe</span> <span class='ocrx_word' id='word_1_760' title='bbox 2943 5393 3085 5470; x_wconf 76' lang='lat' dir='ltr'>fieri</span> <span class='ocrx_word' id='word_1_761' title='bbox 3105 5392 3390 5470; x_wconf 66' lang='lat' dir='ltr'>eliquatus</span> <span class='ocrx_word' id='word_1_762' title='bbox 3407 5385 3502 5450; x_wconf 74' lang='lat' dir='ltr'>est,</span> <span class='ocrx_word' id='word_1_763' title='bbox 3525 5376 3581 5435; x_wconf 58' lang='lat' dir='ltr'>“t</span> <span class='ocrx_word' id='word_1_764' title='bbox 3594 5375 3672 5426; x_wconf 73' lang='lat'>”⁰⁸</span> 
     </span>
     <span class='ocr_line' id='line_1_111' title="bbox 2196 5455 3810 5607; baseline -0.014 -56"><span class='ocrx_word' id='word_1_765' title='bbox 2196 5488 2408 5551; x_wconf 83' lang='lat' dir='ltr'>liberos</span> <span class='ocrx_word' id='word_1_766' title='bbox 2451 5491 2692 5564; x_wconf 67' lang='lat' dir='ltr'>fuceret.</span> <span class='ocrx_word' id='word_1_767' title='bbox 2765 5485 3274 5564; x_wconf 75' lang='lat' dir='ltr'>Chrysostomum</span> <span class='ocrx_word' id='word_1_768' title='bbox 3331 5471 3518 5544; x_wconf 71' lang='lat' dir='ltr'>imitati</span> <span class='ocrx_word' id='word_1_769' title='bbox 3559 5455 3664 5522; x_wconf 73' lang='lat' dir='ltr'>sunt</span> <span class='ocrx_word' id='word_1_770' title='bbox 3807 5504 3810 5607; x_wconf 37' lang='grc' dir='ltr'>ὗ</span> 
     </span>
    </p>
   </div>
   <div class='ocr_carea' id='block_1_4' title="bbox 3797 5703 3810 5794">
    <p class='ocr_par' dir='ltr' id='par_1_8' title="bbox 3797 5703 3810 5794">
     <span class='ocr_line' id='line_1_112' title="bbox 3797 5703 3810 5794; baseline 0 0"><span class='ocrx_word' id='word_1_771' title='bbox 3797 5703 3810 5794; x_wconf 57' lang='grc' dir='ltr'><strong><em>ιέ</em></strong></span> 
     </span>
    </p>
   </div>
  </div>
 </body>
</html>
