3892 6167
526 296 646 356 380

525 405 665 465 cato
692 398 1064 473 hominum
1117 398 1321 475 unde,
1367 400 1416 463 si
1445 398 1726 464 Christus
1757 398 2083 479 praedesti-

524 501 710 555 natus
733 492 850 555 fuit
869 499 1010 573 post
1031 493 1360 573 praevisum
1379 500 1704 573 peceatum
1729 494 2081 567 hominum,

527 593 590 651 et
616 586 1052 669 dependenter
1086 586 1168 647 ab
1205 586 1333 659 illo,
1362 605 1490 651 non
1529 592 1870 665 potuerunt
1889 585 2085 647 habe·

529 670 598 744 re
627 682 854 763 Angeli
897 682 1162 763 gratiam
1194 689 1254 743 et
1279 681 1542 761 gloriam
1572 680 2005 760 dependenter
2044 698 2083 741 a

528 773 794 839 Christo.
823 776 972 857 Quae
997 774 1154 839 ratio
1174 773 1420 837 videtur
1441 791 1593 837 sane
1617 773 2081 853 urgentissima,

526 868 844 947 supposita
869 868 971 929 illa
997 867 1308 929 sententia
1323 882 1344 946 ;
1375 884 1736 947 quanquam
1758 866 1934 927 multi
1959 866 2086 927 dis-

527 960 714 1041 cipuli
739 962 814 1023 D.
843 961 1098 1023 Thomoe
1129 968 1432 1025 conentur
1459 962 1548 1023 illi
1573 960 1983 1041 respondere,
2013 966 2085 1023 ut

527 1052 860 1117 concilient
905 1054 1072 1115 illam
1101 1055 1462 1133 opinionem
1505 1056 1574 1117 D.
1623 1054 1900 1130 Thomae,
1941 1070 2087 1115 cum

529 1166 627 1223 ea,
658 1166 846 1229 quarn
880 1147 958 1209 de
985 1148 1210 1209 merito
1239 1147 1464 1211 Christi
1493 1154 1783 1228 respectu
1811 1148 2089 1226 Angelo-

527 1260 668 1305 rum
693 1241 902 1303 statim
933 1240 1404 1319 explicabimuS.
1447 1242 1570 1303 Sed
1595 1242 1698 1303 vix
1725 1246 1989 1321 possunt
2006 1239 2089 1302 -id

529 1334 838 1414 explicare
861 1379 876 1407 ,
919 1352 1038 1395 nec
1077 1335 1307 1397 rationi
1341 1334 1522 1397 factae
1551 1334 1949 1407 satisfacere;
1994 1338 2089 1395 ta·

529 1445 676 1491 men
722 1444 851 1489 non
896 1432 1148 1507 oportet.
1185 1433 1254 1489 ut
1292 1428 1355 1489 in
1396 1427 1830 1490 examinandis
1865 1442 2089 1489 eorum

529 1520 928 1599 subterfugiis
951 1538 1068 1581 nos
1096 1521 1505 1583 immoremur
1528 1566 1544 1593 ‚
1585 1538 1730 1581 cum
1759 1520 2089 1583 credamus

531 1614 836 1677 rationem
863 1615 1027 1676 hanc
1055 1614 1212 1679 falso
1239 1616 1348 1677 niti
1379 1614 1815 1690 fundamento,
1847 1620 1909 1675 et
1933 1632 2087 1694 sup-

531 1728 838 1789 ponamus
879 1711 1188 1775 Christum
1237 1719 1300 1774 et
1325 1720 1470 1777 ante
1503 1712 1836 1791 praevisum
1864 1728 2089 1791 pecca·

531 1807 664 1864 tum
691 1801 840 1865 Adae
871 1848 894 1879 ,
942 1810 1006 1865 et
1029 1809 1174 1867 anto
1205 1806 1374 1884 ipsos
1403 1804 1674 1885 Angelos
1703 1804 1894 1865 fuisse
1929 1820 2089 1883 prae-

531 1894 934 1959 destinatum.
979 1897 1172 1959 Aliter
1210 1914 1361 1978 ergo
1411 1898 1661 1978 probari
1709 1903 1912 1977 potest
1956 1896 2089 1959 haec

534 1990 842 2053 sententia
871 1990 952 2051 ah
979 1991 1588 2067 inconvenientibuS,
1621 2010 1770 2053 nam
1808 1991 2092 2070 sequitur

533 2082 732 2161 primo
765 2083 1039 2161 Angelos
1067 2102 1195 2147 non
1243 2086 1434 2147 fuisse
1477 2083 1914 2166 glorificandos
1945 2087 2091 2146 ante

533 2174 762 2239 Christi
784 2177 1144 2253 adventum,
1187 2180 1348 2241 sicut
1374 2198 1492 2241 nec
1519 2179 1877 2241 hominibus
1905 2183 2093 2239 antea

532 2268 730 2347 gloria
760 2269 906 2331 data
935 2278 1052 2347 est,
1084 2272 1231 2352 quia
1260 2290 1390 2335 non
1419 2272 1684 2335 decebat
1711 2273 1886 2352 prius
1913 2289 2093 2335 coro-1

533 2364 672 2427 nari
717 2365 942 2427 milites
982 2384 1173 2445 quam
1217 2367 1468 2440 ducem,
1510 2372 1574 2429 et
1615 2366 1900 2429 ultimum
1941 2382 2093 2444 prae-

531 2457 732 2519 mium
756 2460 928 2539 prius
953 2458 1088 2521 dari
1115 2460 1412 2523 membris
1439 2478 1634 2540 quam
1657 2458 1844 2540 capiti
1865 2504 1886 2535 ,
1919 2457 2093 2536 quod

533 2557 630 2614 est
647 2550 788 2613 fons
819 2558 880 2615 et
905 2553 1064 2615 ratio
1089 2554 1281 2617 totius
1308 2554 1536 2616 meriti.
1569 2552 1860 2617 Secundo
1889 2597 1905 2626 ,
1943 2552 2093 2631 quia

533 2644 812 2725 sequitur
833 2645 1142 2709 Christum
1165 2646 1510 2709 redemisse
1533 2646 1810 2726 Angelos
1831 2646 1940 2725 qui
1966 2663 2092 2707 non

532 2746 974 2817 peccaverunt,
1003 2741 1226 2804 saltem
1245 2760 1361 2821 per
1382 2741 1639 2802 modum
1661 2739 2091 2819 praeservatio-

533 2831 632 2893 nis
655 2875 678 2908 ,
727 2833 890 2893 sicut
913 2833 1098 2897 beata
1129 2834 1312 2911 Virgo
1332 2834 1468 2906 [fuit
1491 2832 1821 2912 redempta
1851 2852 1868 2905 ς
1917 2838 2095 2913 patet

531 2925 793 3010 sequela
820 2972 840 3003 ‚
885 2929 1032 3006 quia
1063 2946 1178 3008 per
1205 2926 1518 2992 Christum
1547 2933 1921 3007 receperunt
1949 2944 2093 3006 gra·

533 3020 709 3096 tiam,
752 3038 868 3101 per
895 3038 1088 3101 quam
1117 3039 1156 3083 a
1181 3022 1501 3101 peccando
1535 3020 1892 3102 praeservati
1919 3026 2089 3083 sunt.

531 3114 740 3175 Tertio
765 3158 784 3187 ,
821 3114 1102 3193 sequitur
1125 3113 1431 3178 Christum
1460 3122 1776 3177 mortuum
1807 3132 1946 3176 esse
1976 3132 2093 3193 pro

534 3207 814 3286 Angelis,
847 3207 1016 3287 quod
1045 3214 1139 3271 est
1165 3214 1380 3271 contra
1403 3226 1806 3271 communem
1832 3207 2093 3269 modum

534 3299 834 3379 loquendi
867 3301 1197 3381 Scripturas
1223 3346 1246 3379 ,
1283 3303 1346 3363 in
1383 3319 1510 3380 qua
1551 3303 1780 3365 dicitur
1811 3300 2093 3364 Christus

537 3410 675 3455 esse
703 3401 987 3456 mortuus
1015 3401 1271 3474 propter
1299 3394 1528 3457 delicta
1551 3400 1784 3457 nostra.
1826 3395 2093 3471 Sequela

535 3492 748 3549 nutem
777 3494 990 3567 patet,
1041 3489 1188 3566 quia
1215 3490 1436 3551 merita
1457 3488 1684 3553 Christi
1713 3506 1827 3567 per
1853 3487 2095 3567 passio·

534 3598 680 3643 nem
705 3589 1139 3643 consummata
1167 3589 1350 3658 sunt3
1391 3584 1442 3643 si
1473 3600 1625 3663 ergo
1665 3581 1938 3646 Christus
1965 3600 2096 3643 me-

533 3676 661 3737 ruit
671 3676 956 3755 Angelis„
972 3695 1087 3755 per
1105 3676 1466 3759 passionem
1491 3674 1720 3737 meruit
1739 3676 1882 3753 illis3
1899 3674 2096 3751 unde,

537 3770 602 3830 in
635 3770 888 3849 Apocal.
921 3774 995 3846 ’1,
1029 3770 1144 3832 soli
1167 3770 1336 3833 beati
1367 3769 1656 3833 homines
1683 3770 1978 3833 dicuntur
2004 3770 2099 3833 la-

535 3864 716 3941 visse,
742 3870 798 3929 cc
819 3864 1121 3929 dealbasse
1137 3864 1326 3927 stolas
1349 3882 1494 3927 suas
1509 3863 1578 3926 in
1589 3866 1883 3947 sanquine
1901 3863 2095 3945 Aqui.

537 3956 652 4019 Ubi
673 3958 862 4037 aliqui
890 3964 1130 4033 notant,
1161 3956 1241 4018 de
1264 3957 1621 4019 hominihus
1637 3956 1762 4019 dici
1783 3962 1949 4021 staro
1960 3963 2101 4020 ante

537 4050 818 4114 thronum
843 4052 958 4115 Dei
985 4057 1041 4115 et
1068 4049 1268 4130 Aqui,
1310 4052 1638 4115 clamantes
1657 4096 1674 4123 ,
1711 4056 1769 4113 ot
1795 4050 2053 4113 dicentes
2074 4076 2099 4111 .-

539 4141 732 4208 δαῖτα
757 4144 880 4207 Deo
910 4152 1116 4207 nostro
1143 4188 1164 4219 ,
1205 4144 1432 4207 sedenti
1471 4162 1652 4222 super
1679 4144 1962 4207 thronum
1981 4188 1997 4215 ,
2039 4146 2100 4206 ot

535 4234 740 4319 Auno,
779 4243 1077 4315 tanquam
1119 4234 1497 4315 redemptori
1540 4254 1654 4298 suo
1686 4254 1703 4308 ς
1739 4236 1820 4297 de
1844 4234 2101 4315 Angelis

537 4347 687 4390 vero
719 4328 924 4391 solum
953 4328 1104 4391 dicit
1137 4334 1306 4390 stare
1349 4336 1496 4392 ante
1539 4316 1833 4391 thronum
1865 4326 1995 4398 Dei,
2040 4331 2104 4387 et

538 4421 804 4485 adorare
828 4440 1000 4497 eum,
1025 4422 1197 4483 nulla
1221 4422 1386 4485 facta
1407 4424 1724 4485 mentio-ne
1745 4422 1928 4501 Agni,
1950 4420 2103 4500 quia

537 4534 651 4595 pro
680 4516 804 4579 illis
831 4516 1074 4579 occisus
1102 4534 1227 4577 non
1261 4522 1375 4579 est.

615 4614 677 4672 4.
714 4610 1003 4675 Christus
1025 4628 1212 4675 cauca
1232 4610 1544 4674 meritoria
1561 4611 1784 4690 aratia·
1801 4614 1856 4673 ec
1882 4609 2099 4692 ylen-ie

533 4704 922 4788 Anqelorum.
966 4737 1049 4751 —
1089 4704 1236 4766 Dico
1269 4708 1484 4765 tamen
1511 4704 1736 4784 primo,
1783 4702 2097 4768 Christum

537 4798 865 4861 Dominum
913 4798 1215 4860 meruisse
1259 4798 1516 4879 Angelis
1555 4798 1818 4879 gratiam
1860 4804 1921 4859 et
1961 4796 2096 4876 glo-

537 4894 719 4966 riam,
777 4911 918 4971 quae
961 4892 1083 4953 illis
1129 4892 1276 4953 data
1327 4890 1529 4953 fuerat
1575 4897 1832 4971 propter
1871 4891 2095 4953 merita

536 4986 756 5052 Christi
780 4987 1063 5067 praevisa.
1091 4988 1182 5049 lta
1205 4987 1389 5048 docet
1413 5002 1705 5065 expresse
1724 4987 1796 5045 D.
1821 4986 2097 5046 Thomas

537 5098 860 5161 exponens
897 5079 1050 5141 illud
1082 5081 1264 5142 Joan.
1298 5083 1327 5141 1
1372 5098 1386 5140 :
1433 5080 1525 5142 Dc
1556 5078 1936 5158 plenitudino
1962 5079 2097 5158 ejus

533 5192 644 5239 noe
669 5192 868 5238 omnes
893 5175 1233 5255 accepimus
1255 5220 1271 5246 ,
1311 5173 1576 5244 scilicet,
1607 5170 1808 5249 inquit
1835 5214 1851 5243 ‚
1897 5186 2099 5235 omne-5·

533 5269 840 5350 Apostoli,
873 5267 1288 5340 Patriae-char,
1321 5265 1666 5344 Prophetoe,
1702 5268 1760 5327 et
1771 5264 1961 5341 juti,
1992 5263 2100 5343 qui

535 5365 804 5439 fuorunt,
835 5366 1002 5433 cunt,
1033 5366 1088 5425 ot
1117 5366 1313 5426 erant,
1345 5364 1401 5422 et
1425 5360 1609 5421 etiam
1625 5373 1823 5420 omnes
1844 5355 2099 5440 Δημὼ·

535 5462 600 5519 et
645 5454 804 5521 infra
841 5470 858 5517 z
907 5450 1062 5533 Quia
1099 5452 1407 5533 plenitudo
1435 5452 1696 5538 patior,
1749 5467 1886 5533 quse
1909 5454 2001 5511 ost
2030 5450 2097 5511 in

1751 299 1988 363 ouaesr.
2022 298 2151 354 xix.
2186 300 2387 355 uarie.
2426 302 2508 355 iv.

2168 398 2437 479 christo,
2460 408 2549 467 est
2572 418 2759 466 causa
2778 402 3043 466 omnium
3060 402 3423 485 gyf-aliarum
3446 420 3562 485 qm
3578 418 3687 472 mc

2162 494 2229 557 in
2264 496 2538 559 omuibus
2576 496 3085 560 intellectualibus
3128 496 3459 561 creaturis.
3506 498 3569 558 In
3602 499 3689 565 hae

2164 606 2314 648 vero
2356 589 2393 649 3
2435 608 2498 668 p.
2538 590 2824 651 consulto
2853 590 3099 652 videtur
3130 591 3423 651 noluisse
3450 594 3587 651 satis
3610 615 3691 655 rx-

2167 682 2399 761 plicnre
2446 684 2819 745 sententiam
2862 700 3039 744 suam
3061 728 3079 756 ,
3118 684 3184 744 in
3222 683 3581 763 particulari
3612 688 3689 747 ali·

2163 775 2315 856 quid
2360 775 2733 837 affirmando
2777 776 2877 838 vel
2912 776 3249 855 negando;
3297 780 3515 837 tamen
3538 825 3553 844 .
3584 799 3691 843 cum

2166 870 2548 949 generaliter
2588 870 2887 949 loquatur
2911 915 2926 941 ‚
2968 876 3030 931 et
3062 870 3303 931 eodem
3344 869 3533 930 modo
3566 872 3691 937 dicat

2167 963 2481 1023 Christum
2536 962 2803 1025 influere
2854 964 2920 1023 in
2972 962 3269 1024 homines
3326 968 3394 1024 et
3448 964 3690 1045 Angelos,

2168 1060 2469 1135 tanquam
2492 1064 2679 1137 caput
2704 1056 2771 1117 in
2796 1057 3103 1134 membra,
3133 1057 3421 1119 multum
3439 1055 3574 1118 hnic
3590 1078 3695 1122 sen-

2166 1150 2381 1212 tentiae
2404 1152 2854 1229 patrocinatur:
2892 1151 2959 1210 ln
2986 1166 3051 1230 q·.
3080 1152 3253 1211 enirn
3288 1150 3356 1222 8,
3390 1158 3503 1213 art.
3536 1156 3585 1227 Ι,
3610 1154 3691 1215 ab·

2170 1244 2375 1305 solute
2404 1244 2551 1307 dicit
2579 1244 2887 1308 Christum
2915 1246 3183 1306 influere
3210 1246 3492 1327 gratiam
3516 1246 3573 1306 in
3596 1266 3693 1307 om-

2168 1339 2274 1401 nia
2300 1340 2585 1401 membra
2614 1338 2943 1416 Ecclesioe3
2970 1339 3180 1400 statim
3208 1356 3397 1409 vero,
3427 1344 3536 1400 art.
3556 1342 3606 1412 A,
3628 1342 3691 1402 di-

2169 1434 2251 1495 cit
2278 1433 2441 1495 hanc
2468 1432 2809 1495 Ecclesiam
2828 1480 2849 1509 ‚
2886 1434 3070 1512 cujus
3106 1432 3405 1495 Christus
3438 1438 3527 1492 est
3557 1444 3695 1513 capnt

2170 1528 2319 1589 etin
2346 1539 2536 1605 quam
2570 1526 2819 1602 influit,
2862 1532 3152 1587 constare
3180 1542 3268 1587 ex
3298 1524 3637 1586 hominibus
3652 1536 3693 1587 et

2170 1621 2423 1701 Angelis
2448 1644 2463 1696 ;
2496 1621 2612 1680 nisi
2644 1635 2797 1699 ergo
2820 1634 3053 1699 magna
3078 1616 3573 1697 aequivocatione
3596 1626 3691 1678 uta-

2172 1722 2305 1787 tur,
2341 1715 2620 1793 loquitur
2649 1714 2713 1775 in
2744 1719 3013 1795 utroque
3040 1712 3181 1774 loco
3211 1713 3301 1775 de
3334 1712 3566 1772 influxu
3590 1730 3692 1792 gra-

2168 1811 2289 1871 tiae.
2329 1810 2653 1880 Praeterea,
2688 1824 2748 1887 q.
2780 1811 2845 1881 ’7,
2873 1812 2991 1869 art.
3025 1808 3090 1882 9,
3120 1806 3305 1883 dicit,
3340 1802 3569 1868 christo
3594 1822 3695 1865 esse

2170 1903 2381 1964 datam
2410 1900 2864 1981 plenitudinem
2898 1901 3112 1980 gratiae
3136 1898 3549 1979 simpliciter,
3588 1902 3693 1979 qnia

2173 1995 2322 2055 data
2359 1998 2455 2055 est
2490 1994 2577 2055 illi
2607 2000 2677 2054 ut
2705 1993 3039 2055 universali
3072 1992 3395 2071 principio
3420 1990 3486 2051 in
3514 2010 3695 2069 genere

2173 2087 2541 2150 habentium
2568 2088 2855 2168 gratiam,
2884 2088 2951 2148 in
2975 2104 3103 2167 quo
3129 2102 3383 2167 genere
3404 2084 3537 2145 sine
3554 2083 3691 2148 dubio

2176 2182 2399 2262 Augeli
2423 2181 3066 2261 comprehenduntur.
3098 2180 3287 2244 Unde
3320 2196 3469 2240 cnm
3494 2178 3687 2239 subdit:

2172 2277 2270 2340 Et
2290 2290 2355 2339 m
2381 2292 2513 2338 eam
2540 2276 2621 2339 ad
2634 2274 2791 2338 alios
2814 2278 3225 2349 transmittat,
3258 2271 3538 2351 Angelos
3554 2272 3689 2333 etum

2175 2368 2610 2446 complectitur
2629 2414 2651 2444 ,
2690 2367 2861 2447 quod
2889 2368 3249 2429 necessario
3284 2365 3479 2427 etiam
3507 2364 3691 2425 videtur

2174 2461 2533 2535 dicendum,
2564 2467 2637 2523 nt
2659 2462 2819 2525 ratio
2851 2462 2991 2540 ejus
3020 2461 3244 2523 efficax
3274 2458 3401 2536 sit3
3431 2458 3556 2519 vult
3572 2458 3687 2518 enim

2174 2555 2574 2631 concludere,
2602 2555 2669 2617 iu
2690 2555 2932 2617 Christo
2956 2570 3093 2616 esse
3118 2552 3576 2633 plenitudinem
3592 2570 3689 2631 gra·

2173 2650 2274 2713 tiae
2300 2650 2685 2728 simpliciter,
2716 2655 2845 2710 tam
2874 2654 3170 2727 respectu
3196 2647 3537 2708 hominnm
3554 2662 3687 2723 qnam

2176 2744 2583 2822 Angelorum.
2616 2742 2794 2816 Quod
2822 2742 3051 2822 probat
3078 2758 3157 2803 ex
3182 2740 3553 2801 efficacitate
3574 2738 3685 2817 ejus.

2176 2838 2411 2899 scilicet
2430 2882 2446 2910 ,
2489 2837 2638 2914 quia
2668 2840 2765 2898 est
2800 2835 3180 2915 principium
3211 2832 3565 2895 universale
3588 2848 3689 2909 gra·

2173 2931 2315 3006 tiae5
2348 2948 2607 2991 necesse
2636 2936 2729 2991 est
2768 2947 2923 3009 ergo
2962 2935 3035 2990 ut
3062 2928 3185 2991 hoc
3216 2926 3527 3005 intelligat
3552 2926 3685 2986 etiam

2172 3028 2462 3103 respectu
2494 3023 2910 3101 Angelorum.
2942 3022 3163 3084 Statim
3192 3026 3421 3082 tamen
3442 3063 3462 3094 ,
3494 3023 3593 3083 art.
3618 3020 3683 3082 il,

2173 3116 2421 3179 videtur
2460 3116 2581 3177 hoc
2610 3114 2915 3192 limitare,
2960 3114 3215 3191 dicens,
3256 3113 3505 3177 Christo
3530 3110 3681 3171 datam

2176 3228 2317 3271 esse
2340 3210 2630 3290 gratiam,
2658 3214 2731 3272 ut
2750 3209 3089 3273 universali
3106 3208 3421 3289 principio
3438 3202 3685 3285 pacifica·

2176 3305 2361 3367 tionis
2398 3306 2467 3366 in
2494 3304 2761 3367 humana
2790 3308 3034 3366 natura.-
3074 3301 3204 3363 Sed
3236 3300 3537 3379 imprimis
3559 3296 3681 3375 Caje-

2174 3403 2307 3459 tan.
2336 3398 2446 3473 ihi,
2474 3396 2583 3475 qui
2608 3400 2887 3457 nos-tram
2916 3395 3395 3457 conclusionem
3416 3398 3586 3461 tenet,
3612 3406 3681 3449 ex·

2176 3490 2365 3569 plicat
2413 3488 2784 3570 particulam
2828 3486 3023 3562 illam,
3080 3488 3150 3549 in
3194 3487 3465 3549 ‚imm
3492 3488 3677 3554 natur,

2178 3583 2511 3663 designare
2566 3581 2919 3660 subjectum
2988 3578 3387 3641 necessitatis
3414 3624 3431 3651 ,
3484 3594 3553 3636 ex
3594 3590 3679 3653 qno

2180 3680 2427 3755 sumpta
2478 3680 2573 3735 est
2612 3673 2857 3735 occasio
2896 3673 3268 3734 meritorum
3310 3668 3551 3739 Christi;
3592 3684 3677 3727 non

2178 3787 2327 3831 vero
2362 3766 2719 3847 significare
2746 3766 3097 3846 subjectum
3140 3766 3235 3841 (ut
3266 3766 3407 3843 ipse
3440 3760 3588 3840 dixit}
3610 3776 3678 3818 ex-

2179 3860 2513 3935 tensioniS,
2560 3860 2708 3939 qnia
2736 3860 3033 3921 meritum
3070 3856 3331 3932 Christi,
3364 3856 3501 3917 lieet
3526 3872 3587 3915 ex
3608 3869 3675 3913 oc·

2178 3956 2429 4017 casione
2461 3954 2701 4034 peccati
2730 3953 3061 4015 hominum
3096 3951 3458 4011 ordinatum
3486 3948 3577 4019 sit,
3610 3964 3677 4005 ex—

2178 4055 2431 4111 tensum
2473 4055 2689 4110 tamen
2730 4051 2829 4109 est
2866 4046 2946 4108 ad
2982 4046 3281 4125 Angelos.
3336 4042 3503 4115 Quod
3538 4056 3673 4119 quam

2179 4144 2643 4220 consequenter
2670 4139 2905 4203 dictum
2935 4139 3036 4213 sit,
3060 4139 3195 4216 jam
3222 4140 3391 4197 inter
3417 4148 3670 4213 argumen-

2183 4234 2445 4296 tandum
2492 4234 2787 4295 indicavi.
2838 4232 3105 4294 Facilius
3143 4231 3379 4310 exponi
3422 4232 3595 4308 posset
3622 4226 3667 4283 D.

2181 4330 2457 4391 Thomas
2481 4374 2498 4401 ‚
2532 4332 2603 4388 ut
2628 4328 2893 4391 humana
2935 4331 3163 4391 natura
3198 4324 3485 4405 designet
3508 4318 3669 4400 princi·

2181 4423 2358 4503 pium
2388 4422 2453 4483 in
2482 4438 2611 4500 qno
2635 4466 2651 4495 ,
2692 4422 2793 4482 vel
2822 4436 2935 4499 per
2966 4420 3139 4499 quod
3164 4418 3447 4482 Christus
3476 4420 3552 4477 est
3573 4410 3669 4473 uni·

2181 4516 2423 4577 versale
2469 4513 2841 4595 principium
2880 4510 3353 4592 gratificationis
3376 4556 3391 4585 ‚
3438 4526 3543 4569 non
3570 4504 3665 4564 sub

2172 4609 2413 4689 jectum
2436 4654 2451 4679 ,
2482 4625 2595 4670 seu
2619 4606 2959 4669 terminum
2986 4606 3087 4667 cui
3114 4604 3580 4667 communicatur
3598 4594 3663 4656 illa

2181 4701 2572 4783 gratificatio.
2608 4700 2887 4778 Denique
2908 4744 2924 4770 ‚
2970 4700 3157 4761 etiam
3184 4698 3238 4759 si
3266 4694 3661 4773 intelligatur-ul

2173 4798 2365 4877 jacet,
2400 4798 2465 4857 D.
2492 4796 2765 4857 Thomas
2788 4794 2856 4854 iu
2881 4793 2999 4855 hoc
3018 4793 3351 4873 posteriori
3375 4792 3499 4852 loco
3520 4784 3659 4847 solum

2178 4889 2451 4952 affirmat
2484 4886 2927 4969 particularem
2958 4886 3311 4947 terminum
3345 4886 3513 4964 hujus
3532 4876 3659 4958 graii-

2176 4982 2509 5057 ficationis,
2538 4996 2667 5043 uon
2689 4999 2839 5043 vero
2862 4986 3057 5061 negat
3080 4980 3502 5051 universalem,
3526 4984 3655 5053 quem

2176 5077 2241 5139 in
2278 5075 2543 5141 articulo
2584 5075 2780 5154 priori
2822 5079 3142 5153 posuerat.
3190 5076 3367 5135 Hanc
3396 5064 3652 5133 conclusio·

2180 5186 2327 5233 nem
2367 5173 2541 5231 tenet
2581 5168 2770 5229 etiam
2807 5166 3075 5242 Albert„
3118 5168 3182 5227 in
3220 5170 3284 5241 3,
3322 5164 3557 5226 distinct.
3586 5156 3649 5225 ¹3,

2178 5268 2298 5324 art.
2328 5264 2391 5335 2,
2430 5261 2539 5322 ubi
2568 5258 2717 5323 dicit
2742 5259 3053 5321 Christum
3085 5276 3225 5320 esse
3256 5262 3437 5338 caput
3458 5249 3647 5329 Angelo-

2176 5373 2351 5431 rum,
2406 5354 2615 5434 quoad
2662 5353 2967 5415 influxum
3016 5354 3232 5432 gratiae
3282 5359 3347 5413 et
3390 5347 3571 5430 glonae.
3604 5340 3644 5399 ln

2180 5448 2471 5512 eamdem
2506 5446 2761 5511 inclinat
2792 5444 3099 5519 RuarduS,
3134 5450 3252 5510 art.
3284 5448 3349 5519 Ξ,
3378 5434 3641 5533 eirca-prin·
