<?xml version="1.0" encoding="UTF-8"?>
<!DOCTYPE html PUBLIC "-//W3C//DTD XHTML 1.0 Transitional//EN"
    "http://www.w3.org/TR/xhtml1/DTD/xhtml1-transitional.dtd">
<html xmlns="http://www.w3.org/1999/xhtml" xml:lang="en" lang="en">
 <head>
  <title>
</title>
<meta http-equiv="Content-Type" content="text/html;charset=utf-8" />
  <meta name='ocr-system' content='tesseract 3.04.00' />
  <meta name='ocr-capabilities' content='ocr_page ocr_carea ocr_par ocr_line ocrx_word'/>
</head>
<body>
  <div class='ocr_page' id='page_1' title='image "./rpfranciscisuar00unkngoog_0665.png"; bbox 0 0 3892 6167; ppageno 0'>
   <div class='ocr_carea' id='block_1_1' title="bbox 1407 316 2219 375">
    <p class='ocr_par' dir='ltr' id='par_1_1' title="bbox 1407 316 2219 375">
     <span class='ocr_line' id='line_1_1' title="bbox 1407 316 2219 375; baseline 0.005 -6"><span class='ocrx_word' id='word_1_1' title='bbox 1407 317 1725 370; x_wconf 77' lang='lat' dir='ltr'>mst‘rA‘r.</span> <span class='ocrx_word' id='word_1_2' title='bbox 1760 316 1880 372; x_wconf 86' lang='lat' dir='ltr'>LIV.</span> <span class='ocrx_word' id='word_1_3' title='bbox 1916 321 2083 374; x_wconf 81' lang='lat' dir='ltr'>SECT.</span> <span class='ocrx_word' id='word_1_4' title='bbox 2119 323 2219 375; x_wconf 85' lang='lat' dir='ltr'>vu.</span> 
     </span>
    </p>
   </div>
   <div class='ocr_carea' id='block_1_2' title="bbox 104 414 1756 685">
    <p class='ocr_par' dir='ltr' id='par_1_2' title="bbox 104 414 1756 685">
     <span class='ocr_line' id='line_1_2' title="bbox 104 414 1756 497; baseline 0 -20"><span class='ocrx_word' id='word_1_5' title='bbox 104 416 434 479; x_wconf 79' lang='lat' dir='ltr'>ratione</span> <span class='ocrx_word' id='word_1_6' title='bbox 468 414 863 491; x_wconf 79' lang='lat' dir='ltr'><strong>coadoretur,</strong></span> <span class='ocrx_word' id='word_1_7' title='bbox 887 430 1252 495; x_wconf 78' lang='lat' dir='ltr'><strong>quanquam</strong></span> <span class='ocrx_word' id='word_1_8' title='bbox 1280 432 1487 497; x_wconf 92' lang='lat' dir='ltr'>neque</span> <span class='ocrx_word' id='word_1_9' title='bbox 1510 416 1607 479; x_wconf 89' lang='lat' dir='ltr'>hic</span> <span class='ocrx_word' id='word_1_10' title='bbox 1623 434 1756 477; x_wconf 92' lang='lat' dir='ltr'>mo-</span> 
     </span>
     <span class='ocr_line' id='line_1_3' title="bbox 116 508 1755 591; baseline 0.004 -22"><span class='ocrx_word' id='word_1_11' title='bbox 116 508 279 570; x_wconf 85' lang='lat' dir='ltr'>dus</span> <span class='ocrx_word' id='word_1_12' title='bbox 340 510 738 573; x_wconf 85' lang='lat' dir='ltr'>adorationis</span> <span class='ocrx_word' id='word_1_13' title='bbox 783 511 1185 591; x_wconf 87' lang='lat' dir='ltr'>impossibilis</span> <span class='ocrx_word' id='word_1_14' title='bbox 1219 511 1525 587; x_wconf 81' lang='lat' dir='ltr'>videatur,</span> <span class='ocrx_word' id='word_1_15' title='bbox 1573 518 1642 575; x_wconf 90' lang='lat' dir='ltr'>ut</span> <span class='ocrx_word' id='word_1_16' title='bbox 1677 530 1755 575; x_wconf 87' lang='lat' dir='ltr'>ex</span> 
     </span>
     <span class='ocr_line' id='line_1_4' title="bbox 116 602 1126 685; baseline 0.002 -22"><span class='ocrx_word' id='word_1_17' title='bbox 116 602 363 665; x_wconf 85' lang='lat' dir='ltr'>dictis</span> <span class='ocrx_word' id='word_1_18' title='bbox 394 602 585 666; x_wconf 77' lang='lat' dir='ltr'>facile</span> <span class='ocrx_word' id='word_1_19' title='bbox 613 604 872 683; x_wconf 85' lang='lat' dir='ltr'><strong>intelligi</strong></span> <span class='ocrx_word' id='word_1_20' title='bbox 899 610 1126 685; x_wconf 81' lang='lat' dir='ltr'>pot-est.</span> 
     </span>
    </p>
   </div>
   <div class='ocr_carea' id='block_1_3' title="bbox 805 793 1153 848">
    <p class='ocr_par' dir='ltr' id='par_1_3' title="bbox 805 793 1153 848">
     <span class='ocr_line' id='line_1_5' title="bbox 805 793 1153 848; baseline 0.003 -2"><span class='ocrx_word' id='word_1_21' title='bbox 805 793 1020 847; x_wconf 72' lang='lat' dir='ltr'>sssc&#39;rlo</span> <span class='ocrx_word' id='word_1_22' title='bbox 1050 794 1153 848; x_wconf 79' lang='lat' dir='ltr'>vlt.</span> 
     </span>
    </p>
   </div>
   <div class='ocr_carea' id='block_1_4' title="bbox 138 908 1749 1073">
    <p class='ocr_par' dir='ltr' id='par_1_4' title="bbox 138 908 1749 1073">
     <span class='ocr_line' id='line_1_6' title="bbox 138 908 1749 984; baseline 0.004 -19"><span class='ocrx_word' id='word_1_23' title='bbox 138 908 377 969; x_wconf 67' lang='lat' dir='ltr'>Utrum</span> <span class='ocrx_word' id='word_1_24' title='bbox 406 910 530 967; x_wconf 78' lang='lat' dir='ltr'>haec</span> <span class='ocrx_word' id='word_1_25' title='bbox 558 909 809 968; x_wconf 80' lang='lat' dir='ltr'>adoratio</span> <span class='ocrx_word' id='word_1_26' title='bbox 846 912 1155 984; x_wconf 65' lang='lat' dir='ltr'>imaginum</span> <span class='ocrx_word' id='word_1_27' title='bbox 1180 928 1287 970; x_wconf 77' lang='lat' dir='ltr'>non</span> <span class='ocrx_word' id='word_1_28' title='bbox 1314 914 1493 971; x_wconf 80' lang='lat' dir='ltr'>solum</span> <span class='ocrx_word' id='word_1_29' title='bbox 1522 914 1749 971; x_wconf 76' lang='lat' dir='ltr'>honesta</span> 
     </span>
     <span class='ocr_line' id='line_1_7' title="bbox 402 994 1532 1073; baseline 0.004 -20"><span class='ocrx_word' id='word_1_30' title='bbox 402 996 501 1065; x_wconf 79' lang='lat' dir='ltr'>sit,</span> <span class='ocrx_word' id='word_1_31' title='bbox 532 994 627 1051; x_wconf 78' lang='lat' dir='ltr'>sed</span> <span class='ocrx_word' id='word_1_32' title='bbox 666 996 837 1054; x_wconf 79' lang='lat' dir='ltr'>etiam</span> <span class='ocrx_word' id='word_1_33' title='bbox 866 996 964 1053; x_wconf 80' lang='lat' dir='ltr'>sub</span> <span class='ocrx_word' id='word_1_34' title='bbox 988 1004 1323 1073; x_wconf 81' lang='lat' dir='ltr'>praeceptum</span> <span class='ocrx_word' id='word_1_35' title='bbox 1352 997 1532 1057; x_wconf 78' lang='lat' dir='ltr'>cadat.</span> 
     </span>
    </p>
   </div>
   <div class='ocr_carea' id='block_1_5' title="bbox 61 1166 1755 5565">
    <p class='ocr_par' dir='ltr' id='par_1_5' title="bbox 132 1166 1751 1909">
     <span class='ocr_line' id='line_1_8' title="bbox 244 1166 1751 1249; baseline 0.002 -23"><span class='ocrx_word' id='word_1_36' title='bbox 244 1168 318 1226; x_wconf 81' lang='lat'>1.</span> <span class='ocrx_word' id='word_1_37' title='bbox 368 1166 451 1226; x_wconf 90' lang='lat' dir='ltr'>In</span> <span class='ocrx_word' id='word_1_38' title='bbox 481 1167 599 1229; x_wconf 90' lang='lat' dir='ltr'>hac</span> <span class='ocrx_word' id='word_1_39' title='bbox 642 1166 1009 1230; x_wconf 79' lang='lat' dir='ltr'>adoratione</span> <span class='ocrx_word' id='word_1_40' title='bbox 1038 1168 1164 1229; x_wconf 88' lang='lat' dir='ltr'>duo</span> <span class='ocrx_word' id='word_1_41' title='bbox 1195 1167 1577 1231; x_wconf 88' lang='lat' dir='ltr'>considerari</span> <span class='ocrx_word' id='word_1_42' title='bbox 1605 1186 1751 1249; x_wconf 85' lang='lat' dir='ltr'>pos-</span> 
     </span>
     <span class='ocr_line' id='line_1_9' title="bbox 134 1259 1750 1343; baseline 0.004 -26"><span class='ocrx_word' id='word_1_43' title='bbox 134 1264 348 1333; x_wconf 82' lang='lat' dir='ltr'><strong>sunt,</strong></span> <span class='ocrx_word' id='word_1_44' title='bbox 382 1259 624 1323; x_wconf 87' lang='lat' dir='ltr'>scilicet</span> <span class='ocrx_word' id='word_1_45' title='bbox 646 1279 816 1337; x_wconf 85' lang='lat' dir='ltr'>usuS‚</span> <span class='ocrx_word' id='word_1_46' title='bbox 846 1262 949 1323; x_wconf 80' lang='lat' dir='ltr'>vel</span> <span class='ocrx_word' id='word_1_47' title='bbox 974 1259 1199 1323; x_wconf 87' lang='lat' dir='ltr'>modus</span> <span class='ocrx_word' id='word_1_48' title='bbox 1226 1262 1397 1341; x_wconf 90' lang='lat' dir='ltr'>ejus;</span> <span class='ocrx_word' id='word_1_49' title='bbox 1430 1262 1601 1324; x_wconf 89' lang='lat' dir='ltr'>unde</span> <span class='ocrx_word' id='word_1_50' title='bbox 1623 1262 1750 1343; x_wconf 87' lang='lat' dir='ltr'>pri-</span> 
     </span>
     <span class='ocr_line' id='line_1_10' title="bbox 132 1352 1747 1437; baseline 0.004 -26"><span class='ocrx_word' id='word_1_51' title='bbox 132 1370 269 1413; x_wconf 84' lang='lat' dir='ltr'>mo</span> <span class='ocrx_word' id='word_1_52' title='bbox 304 1352 514 1431; x_wconf 62' lang='lat' dir='ltr'>quaeri</span> <span class='ocrx_word' id='word_1_53' title='bbox 544 1360 747 1433; x_wconf 88' lang='lat' dir='ltr'>potest</span> <span class='ocrx_word' id='word_1_54' title='bbox 774 1374 855 1417; x_wconf 89' lang='lat' dir='ltr'>an</span> <span class='ocrx_word' id='word_1_55' title='bbox 886 1356 965 1418; x_wconf 89' lang='lat' dir='ltr'>sit</span> <span class='ocrx_word' id='word_1_56' title='bbox 991 1363 1375 1437; x_wconf 60' lang='lat' dir='ltr'>praeceptum</span> <span class='ocrx_word' id='word_1_57' title='bbox 1414 1356 1747 1418; x_wconf 87' lang='lat' dir='ltr'>exercendi</span> 
     </span>
     <span class='ocr_line' id='line_1_11' title="bbox 142 1444 1745 1525; baseline 0.004 -21"><span class='ocrx_word' id='word_1_58' title='bbox 142 1444 345 1507; x_wconf 82' lang='lat' dir='ltr'>hane</span> <span class='ocrx_word' id='word_1_59' title='bbox 382 1446 843 1525; x_wconf 84' lang='lat' dir='ltr'>adorationem,</span> <span class='ocrx_word' id='word_1_60' title='bbox 888 1468 1003 1510; x_wconf 89' lang='lat' dir='ltr'>seu</span> <span class='ocrx_word' id='word_1_61' title='bbox 1036 1450 1254 1511; x_wconf 89' lang='lat' dir='ltr'>utendi</span> <span class='ocrx_word' id='word_1_62' title='bbox 1304 1450 1427 1512; x_wconf 91' lang='lat' dir='ltr'>illa.</span> <span class='ocrx_word' id='word_1_63' title='bbox 1486 1448 1745 1523; x_wconf 84' lang='lat' dir='ltr'><strong>Deinde,</strong></span> 
     </span>
     <span class='ocr_line' id='line_1_12' title="bbox 136 1540 1749 1623; baseline 0.004 -26"><span class='ocrx_word' id='word_1_64' title='bbox 136 1557 243 1597; x_wconf 80' lang='lat' dir='ltr'>an</span> <span class='ocrx_word' id='word_1_65' title='bbox 282 1540 521 1603; x_wconf 88' lang='lat' dir='ltr'>modus</span> <span class='ocrx_word' id='word_1_66' title='bbox 542 1542 683 1603; x_wconf 86' lang='lat' dir='ltr'>talis</span> <span class='ocrx_word' id='word_1_67' title='bbox 711 1542 1093 1605; x_wconf 88' lang='lat' dir='ltr'>adorationis</span> <span class='ocrx_word' id='word_1_68' title='bbox 1114 1542 1299 1605; x_wconf 89' lang='lat' dir='ltr'>cadat</span> <span class='ocrx_word' id='word_1_69' title='bbox 1328 1544 1446 1607; x_wconf 77' lang='lat' dir='ltr'>snb</span> <span class='ocrx_word' id='word_1_70' title='bbox 1470 1560 1749 1623; x_wconf 80' lang='lat' dir='ltr'>praecep-</span> 
     </span>
     <span class='ocr_line' id='line_1_13' title="bbox 138 1636 1745 1717; baseline 0.003 -23"><span class='ocrx_word' id='word_1_71' title='bbox 138 1640 337 1695; x_wconf 84' lang='lat' dir='ltr'>tum.</span> <span class='ocrx_word' id='word_1_72' title='bbox 394 1636 605 1699; x_wconf 86' lang='lat' dir='ltr'>Potest</span> <span class='ocrx_word' id='word_1_73' title='bbox 632 1642 845 1698; x_wconf 89' lang='lat' dir='ltr'>autem</span> <span class='ocrx_word' id='word_1_74' title='bbox 892 1654 1032 1698; x_wconf 89' lang='lat' dir='ltr'>esse</span> <span class='ocrx_word' id='word_1_75' title='bbox 1067 1656 1274 1699; x_wconf 88' lang='lat' dir='ltr'>sermo</span> <span class='ocrx_word' id='word_1_76' title='bbox 1320 1638 1399 1700; x_wconf 91' lang='lat' dir='ltr'>de</span> <span class='ocrx_word' id='word_1_77' title='bbox 1431 1639 1745 1717; x_wconf 81' lang='lat' dir='ltr'>praecepto</span> 
     </span>
     <span class='ocr_line' id='line_1_14' title="bbox 142 1728 1747 1810; baseline 0.004 -23"><span class='ocrx_word' id='word_1_78' title='bbox 142 1728 456 1791; x_wconf 78' lang='lat' dir='ltr'>naturali</span> <span class='ocrx_word' id='word_1_79' title='bbox 506 1730 606 1791; x_wconf 89' lang='lat' dir='ltr'>vel</span> <span class='ocrx_word' id='word_1_80' title='bbox 658 1730 919 1810; x_wconf 86' lang='lat' dir='ltr'>positivo</span> <span class='ocrx_word' id='word_1_81' title='bbox 947 1776 967 1806; x_wconf 91' lang='lat'>,</span> <span class='ocrx_word' id='word_1_82' title='bbox 1015 1730 1224 1793; x_wconf 88' lang='lat' dir='ltr'>divino</span> <span class='ocrx_word' id='word_1_83' title='bbox 1278 1733 1380 1795; x_wconf 87' lang='lat' dir='ltr'>vel</span> <span class='ocrx_word' id='word_1_84' title='bbox 1426 1732 1747 1795; x_wconf 86' lang='lat' dir='ltr'>ecclesias-</span> 
     </span>
     <span class='ocr_line' id='line_1_15' title="bbox 148 1824 330 1909; baseline 0.016 -28"><span class='ocrx_word' id='word_1_85' title='bbox 148 1824 330 1909; x_wconf 81' lang='lat' dir='ltr'>tico.</span> 
     </span>
    </p>

    <p class='ocr_par' dir='ltr' id='par_1_6' title="bbox 252 1917 1751 1998">
     <span class='ocr_line' id='line_1_16' title="bbox 252 1917 1751 1998; baseline 0.003 -19"><span class='ocrx_word' id='word_1_86' title='bbox 252 1921 323 1979; x_wconf 76' lang='lat'>2.</span> <span class='ocrx_word' id='word_1_87' title='bbox 388 1917 573 1993; x_wconf 72' lang='lat' dir='ltr'>Um,</span> <span class='ocrx_word' id='word_1_88' title='bbox 600 1935 705 1983; x_wconf 70' lang='lat' dir='ltr'>seu</span> <span class='ocrx_word' id='word_1_89' title='bbox 732 1918 1009 1982; x_wconf 76' lang='lat' dir='ltr'>adoratio</span> <span class='ocrx_word' id='word_1_90' title='bbox 1037 1918 1375 1998; x_wconf 70' lang='lat' dir='ltr'>imayinum</span> <span class='ocrx_word' id='word_1_91' title='bbox 1403 1937 1522 1981; x_wconf 76' lang='lat' dir='ltr'>non</span> <span class='ocrx_word' id='word_1_92' title='bbox 1562 1924 1651 1983; x_wconf 71' lang='lat' dir='ltr'>est</span> <span class='ocrx_word' id='word_1_93' title='bbox 1678 1938 1751 1983; x_wconf 73' lang='lat' dir='ltr'>em</span> 
     </span>
    </p>

    <p class='ocr_par' dir='ltr' id='par_1_7' title="bbox 61 2012 1755 3763">
     <span class='ocr_line' id='line_1_17' title="bbox 61 2012 1751 2094; baseline 0.002 -22"><span class='ocrx_word' id='word_1_94' title='bbox 61 2070 63 2072; x_wconf 76' lang='grc'><strong>,</strong></span> <span class='ocrx_word' id='word_1_95' title='bbox 148 2016 481 2093; x_wconf 60' lang='lat' dir='ltr'>praecepto</span> <span class='ocrx_word' id='word_1_96' title='bbox 525 2012 1069 2075; x_wconf 74' lang='lat' dir='ltr'>naturali.—Dico</span> <span class='ocrx_word' id='word_1_97' title='bbox 1102 2031 1253 2091; x_wconf 91' lang='lat' dir='ltr'>ergo</span> <span class='ocrx_word' id='word_1_98' title='bbox 1283 2014 1484 2094; x_wconf 91' lang='lat' dir='ltr'>primo</span> <span class='ocrx_word' id='word_1_99' title='bbox 1508 2059 1529 2091; x_wconf 94' lang='lat'>,</span> <span class='ocrx_word' id='word_1_100' title='bbox 1575 2014 1751 2075; x_wconf 89' lang='lat' dir='ltr'>abso·</span> 
     </span>
     <span class='ocr_line' id='line_1_18' title="bbox 156 2106 1752 2187; baseline 0 -20"><span class='ocrx_word' id='word_1_101' title='bbox 156 2106 313 2168; x_wconf 85' lang='lat' dir='ltr'>Inte</span> <span class='ocrx_word' id='word_1_102' title='bbox 354 2111 419 2167; x_wconf 84' lang='lat' dir='ltr'>et</span> <span class='ocrx_word' id='word_1_103' title='bbox 448 2106 817 2187; x_wconf 87' lang='lat' dir='ltr'>simpliciter</span> <span class='ocrx_word' id='word_1_104' title='bbox 838 2124 963 2167; x_wconf 89' lang='lat' dir='ltr'>nou</span> <span class='ocrx_word' id='word_1_105' title='bbox 987 2106 1350 2168; x_wconf 87' lang='lat' dir='ltr'>esse.ullum</span> <span class='ocrx_word' id='word_1_106' title='bbox 1372 2113 1752 2187; x_wconf 79' lang='lat' dir='ltr'>praeceptum</span> 
     </span>
     <span class='ocr_line' id='line_1_19' title="bbox 162 2198 1755 2281; baseline 0.001 -20"><span class='ocrx_word' id='word_1_107' title='bbox 162 2198 476 2262; x_wconf 78' lang='lat' dir='ltr'>naturale</span> <span class='ocrx_word' id='word_1_108' title='bbox 504 2200 604 2262; x_wconf 83' lang='lat' dir='ltr'>vel</span> <span class='ocrx_word' id='word_1_109' title='bbox 642 2198 945 2274; x_wconf 87' lang='lat' dir='ltr'>divinum,</span> <span class='ocrx_word' id='word_1_110' title='bbox 990 2200 1205 2262; x_wconf 89' lang='lat' dir='ltr'>utendi</span> <span class='ocrx_word' id='word_1_111' title='bbox 1249 2201 1651 2281; x_wconf 88' lang='lat' dir='ltr'>imaginibus,</span> <span class='ocrx_word' id='word_1_112' title='bbox 1694 2208 1755 2263; x_wconf 86' lang='lat' dir='ltr'>et</span> 
     </span>
     <span class='ocr_line' id='line_1_20' title="bbox 164 2295 1747 2375; baseline 0 -20"><span class='ocrx_word' id='word_1_113' title='bbox 164 2300 641 2374; x_wconf 82' lang='lat' dir='ltr'>consequenter</span> <span class='ocrx_word' id='word_1_114' title='bbox 668 2314 875 2375; x_wconf 88' lang='lat' dir='ltr'>neque</span> <span class='ocrx_word' id='word_1_115' title='bbox 902 2295 1207 2357; x_wconf 86' lang='lat' dir='ltr'>adorandi</span> <span class='ocrx_word' id='word_1_116' title='bbox 1230 2295 1386 2358; x_wconf 84' lang='lat' dir='ltr'>illas.</span> <span class='ocrx_word' id='word_1_117' title='bbox 1420 2295 1747 2372; x_wconf 78' lang='lat' dir='ltr'>Probatur,</span> 
     </span>
     <span class='ocr_line' id='line_1_21' title="bbox 172 2388 1754 2471; baseline 0 -22"><span class='ocrx_word' id='word_1_118' title='bbox 172 2390 335 2469; x_wconf 85' lang='lat' dir='ltr'>qnia</span> <span class='ocrx_word' id='word_1_119' title='bbox 364 2408 575 2471; x_wconf 86' lang='lat' dir='ltr'>neque</span> <span class='ocrx_word' id='word_1_120' title='bbox 619 2390 685 2451; x_wconf 93' lang='lat' dir='ltr'>in</span> <span class='ocrx_word' id='word_1_121' title='bbox 715 2388 1030 2469; x_wconf 78' lang='lat' dir='ltr'><strong>Scriptura</strong></span> <span class='ocrx_word' id='word_1_122' title='bbox 1082 2408 1257 2451; x_wconf 89' lang='lat' dir='ltr'>sacra</span> <span class='ocrx_word' id='word_1_123' title='bbox 1306 2390 1430 2451; x_wconf 91' lang='lat' dir='ltr'>tale</span> <span class='ocrx_word' id='word_1_124' title='bbox 1478 2408 1754 2469; x_wconf 86' lang='lat' dir='ltr'>praecep-</span> 
     </span>
     <span class='ocr_line' id='line_1_22' title="bbox 176 2483 1753 2564; baseline -0.001 -19"><span class='ocrx_word' id='word_1_125' title='bbox 176 2490 321 2545; x_wconf 89' lang='lat' dir='ltr'>tum</span> <span class='ocrx_word' id='word_1_126' title='bbox 350 2485 729 2559; x_wconf 81' lang='lat' dir='ltr'>continetur,</span> <span class='ocrx_word' id='word_1_127' title='bbox 762 2502 971 2564; x_wconf 92' lang='lat' dir='ltr'>neque</span> <span class='ocrx_word' id='word_1_128' title='bbox 999 2504 1075 2547; x_wconf 90' lang='lat' dir='ltr'>ex</span> <span class='ocrx_word' id='word_1_129' title='bbox 1103 2484 1237 2545; x_wconf 90' lang='lat' dir='ltr'>sola</span> <span class='ocrx_word' id='word_1_130' title='bbox 1264 2483 1601 2546; x_wconf 79' lang='lat' dir='ltr'>traditione</span> <span class='ocrx_word' id='word_1_131' title='bbox 1622 2485 1753 2545; x_wconf 92' lang='lat' dir='ltr'>col-</span> 
     </span>
     <span class='ocr_line' id='line_1_23' title="bbox 180 2577 1751 2658; baseline 0 -20"><span class='ocrx_word' id='word_1_132' title='bbox 180 2577 293 2658; x_wconf 89' lang='lat' dir='ltr'>ligi</span> <span class='ocrx_word' id='word_1_133' title='bbox 322 2584 528 2658; x_wconf 88' lang='lat' dir='ltr'>potest</span> <span class='ocrx_word' id='word_1_134' title='bbox 554 2596 691 2641; x_wconf 89' lang='lat' dir='ltr'>esse</span> <span class='ocrx_word' id='word_1_135' title='bbox 717 2578 993 2656; x_wconf 85' lang='lat' dir='ltr'>aliquam</span> <span class='ocrx_word' id='word_1_136' title='bbox 1018 2578 1223 2657; x_wconf 90' lang='lat' dir='ltr'>legem</span> <span class='ocrx_word' id='word_1_137' title='bbox 1251 2578 1551 2653; x_wconf 85' lang='lat' dir='ltr'>divinam,</span> <span class='ocrx_word' id='word_1_138' title='bbox 1582 2578 1751 2638; x_wconf 90' lang='lat' dir='ltr'>hunc</span> 
     </span>
     <span class='ocr_line' id='line_1_24' title="bbox 179 2670 1747 2752; baseline 0 -21"><span class='ocrx_word' id='word_1_139' title='bbox 179 2689 371 2731; x_wconf 85' lang='lat' dir='ltr'>nsum</span> <span class='ocrx_word' id='word_1_140' title='bbox 404 2671 893 2752; x_wconf 63' lang='lat' dir='ltr'>praecipientem,</span> <span class='ocrx_word' id='word_1_141' title='bbox 918 2678 987 2732; x_wconf 86' lang='lat' dir='ltr'>ut</span> <span class='ocrx_word' id='word_1_142' title='bbox 1018 2690 1095 2733; x_wconf 85' lang='lat' dir='ltr'>ex</span> <span class='ocrx_word' id='word_1_143' title='bbox 1141 2671 1318 2733; x_wconf 89' lang='lat' dir='ltr'>dictis</span> <span class='ocrx_word' id='word_1_144' title='bbox 1357 2670 1540 2732; x_wconf 87' lang='lat' dir='ltr'>facile</span> <span class='ocrx_word' id='word_1_145' title='bbox 1592 2688 1747 2732; x_wconf 90' lang='lat' dir='ltr'>con-</span> 
     </span>
     <span class='ocr_line' id='line_1_25' title="bbox 175 2763 1751 2845; baseline -0.003 -18"><span class='ocrx_word' id='word_1_146' title='bbox 175 2772 351 2827; x_wconf 81' lang='lat' dir='ltr'>stare</span> <span class='ocrx_word' id='word_1_147' title='bbox 392 2771 617 2845; x_wconf 84' lang='lat' dir='ltr'>potest.</span> <span class='ocrx_word' id='word_1_148' title='bbox 656 2766 831 2839; x_wconf 90' lang='lat' dir='ltr'>Nam,</span> <span class='ocrx_word' id='word_1_149' title='bbox 863 2766 1009 2827; x_wconf 90' lang='lat' dir='ltr'>licet</span> <span class='ocrx_word' id='word_1_150' title='bbox 1062 2763 1523 2826; x_wconf 81' lang='lat' dir='ltr'>ostenderimus</span> <span class='ocrx_word' id='word_1_151' title='bbox 1578 2764 1751 2825; x_wconf 89' lang='lat' dir='ltr'>Chri-</span> 
     </span>
     <span class='ocr_line' id='line_1_26' title="bbox 176 2857 1744 2938; baseline -0.001 -17"><span class='ocrx_word' id='word_1_152' title='bbox 176 2866 353 2921; x_wconf 83' lang='lat' dir='ltr'>stum</span> <span class='ocrx_word' id='word_1_153' title='bbox 374 2858 538 2921; x_wconf 84' lang='lat' dir='ltr'>facto</span> <span class='ocrx_word' id='word_1_154' title='bbox 559 2877 673 2920; x_wconf 90' lang='lat' dir='ltr'>suo</span> <span class='ocrx_word' id='word_1_155' title='bbox 697 2860 861 2921; x_wconf 89' lang='lat' dir='ltr'>hano</span> <span class='ocrx_word' id='word_1_156' title='bbox 881 2858 1397 2921; x_wconf 88' lang='lat' dir='ltr'>consuetudinem</span> <span class='ocrx_word' id='word_1_157' title='bbox 1423 2857 1744 2938; x_wconf 83' lang='lat' dir='ltr'>probasse,</span> 
     </span>
     <span class='ocr_line' id='line_1_27' title="bbox 180 2951 1747 3033; baseline -0.002 -20"><span class='ocrx_word' id='word_1_158' title='bbox 180 2970 316 3013; x_wconf 91' lang='lat' dir='ltr'>non</span> <span class='ocrx_word' id='word_1_159' title='bbox 349 2958 559 3013; x_wconf 89' lang='lat' dir='ltr'>tamen</span> <span class='ocrx_word' id='word_1_160' title='bbox 588 2952 979 3033; x_wconf 85' lang='lat' dir='ltr'>praecepis&#39;se,</span> <span class='ocrx_word' id='word_1_161' title='bbox 1012 2970 1218 3031; x_wconf 89' lang='lat' dir='ltr'>neque</span> <span class='ocrx_word' id='word_1_162' title='bbox 1246 2952 1435 3013; x_wconf 90' lang='lat' dir='ltr'>etiam</span> <span class='ocrx_word' id='word_1_163' title='bbox 1478 2951 1609 3011; x_wconf 91' lang='lat' dir='ltr'>sola</span> <span class='ocrx_word' id='word_1_164' title='bbox 1637 2970 1747 3011; x_wconf 90' lang='lat' dir='ltr'>na-</span> 
     </span>
     <span class='ocr_line' id='line_1_28' title="bbox 180 3042 1747 3126; baseline -0.001 -21"><span class='ocrx_word' id='word_1_165' title='bbox 180 3046 378 3106; x_wconf 86' lang='lat' dir='ltr'>turali</span> <span class='ocrx_word' id='word_1_166' title='bbox 404 3046 643 3107; x_wconf 87' lang='lat' dir='ltr'>ratione</span> <span class='ocrx_word' id='word_1_167' title='bbox 671 3051 881 3126; x_wconf 89' lang='lat' dir='ltr'>potest</span> <span class='ocrx_word' id='word_1_168' title='bbox 923 3046 1043 3106; x_wconf 88' lang='lat' dir='ltr'>hoc</span> <span class='ocrx_word' id='word_1_169' title='bbox 1069 3051 1456 3126; x_wconf 84' lang='lat' dir='ltr'>praeceptnm</span> <span class='ocrx_word' id='word_1_170' title='bbox 1491 3042 1747 3106; x_wconf 88' lang='lat' dir='ltr'>demon-</span> 
     </span>
     <span class='ocr_line' id='line_1_29' title="bbox 190 3137 1747 3215; baseline -0.001 -18"><span class='ocrx_word' id='word_1_171' title='bbox 190 3137 397 3199; x_wconf 85' lang='lat' dir='ltr'>strari.</span> <span class='ocrx_word' id='word_1_172' title='bbox 430 3138 605 3215; x_wconf 88' lang='lat' dir='ltr'>Quia,</span> <span class='ocrx_word' id='word_1_173' title='bbox 630 3138 780 3199; x_wconf 91' lang='lat' dir='ltr'>licet</span> <span class='ocrx_word' id='word_1_174' title='bbox 808 3145 1141 3200; x_wconf 88' lang='lat' dir='ltr'>teneamur</span> <span class='ocrx_word' id='word_1_175' title='bbox 1168 3138 1369 3198; x_wconf 87' lang='lat' dir='ltr'>Deum</span> <span class='ocrx_word' id='word_1_176' title='bbox 1399 3141 1461 3197; x_wconf 93' lang='lat' dir='ltr'>et</span> <span class='ocrx_word' id='word_1_177' title='bbox 1484 3138 1747 3197; x_wconf 88' lang='lat' dir='ltr'>Sanctos</span> 
     </span>
     <span class='ocr_line' id='line_1_30' title="bbox 190 3229 1743 3307; baseline -0.001 -17"><span class='ocrx_word' id='word_1_178' title='bbox 190 3230 425 3307; x_wconf 80' lang='lat' dir='ltr'>colere,</span> <span class='ocrx_word' id='word_1_179' title='bbox 474 3238 684 3293; x_wconf 82' lang='lat' dir='ltr'>tamen</span> <span class='ocrx_word' id='word_1_180' title='bbox 734 3251 813 3293; x_wconf 86' lang='lat' dir='ltr'>ex</span> <span class='ocrx_word' id='word_1_181' title='bbox 840 3231 971 3292; x_wconf 88' lang='lat' dir='ltr'>sola</span> <span class='ocrx_word' id='word_1_182' title='bbox 1006 3230 1276 3293; x_wconf 89' lang='lat' dir='ltr'>naturali</span> <span class='ocrx_word' id='word_1_183' title='bbox 1332 3230 1575 3291; x_wconf 83' lang='lat' dir='ltr'>ratione</span> <span class='ocrx_word' id='word_1_184' title='bbox 1596 3275 1612 3303; x_wconf 92' lang='lat'>,</span> <span class='ocrx_word' id='word_1_185' title='bbox 1664 3229 1743 3289; x_wconf 83' lang='lat' dir='ltr'>ad</span> 
     </span>
     <span class='ocr_line' id='line_1_31' title="bbox 189 3322 1747 3402; baseline -0.003 -15"><span class='ocrx_word' id='word_1_186' title='bbox 189 3331 431 3387; x_wconf 87' lang='lat' dir='ltr'>certum</span> <span class='ocrx_word' id='word_1_187' title='bbox 479 3324 739 3387; x_wconf 89' lang='lat' dir='ltr'>modum</span> <span class='ocrx_word' id='word_1_188' title='bbox 790 3326 989 3388; x_wconf 86' lang='lat' dir='ltr'>cultus</span> <span class='ocrx_word' id='word_1_189' title='bbox 1042 3325 1283 3388; x_wconf 80' lang='lat' dir='ltr'>externi</span> <span class='ocrx_word' id='word_1_190' title='bbox 1325 3342 1453 3384; x_wconf 92' lang='lat' dir='ltr'>non</span> <span class='ocrx_word' id='word_1_191' title='bbox 1505 3322 1747 3402; x_wconf 87' lang='lat' dir='ltr'>obliga-</span> 
     </span>
     <span class='ocr_line' id='line_1_32' title="bbox 186 3417 1749 3495; baseline -0.002 -16"><span class='ocrx_word' id='word_1_192' title='bbox 186 3437 367 3494; x_wconf 84' lang='lat' dir='ltr'>mur3</span> <span class='ocrx_word' id='word_1_193' title='bbox 403 3426 463 3481; x_wconf 90' lang='lat' dir='ltr'>et</span> <span class='ocrx_word' id='word_1_194' title='bbox 489 3418 627 3479; x_wconf 90' lang='lat' dir='ltr'>ideo</span> <span class='ocrx_word' id='word_1_195' title='bbox 656 3418 828 3480; x_wconf 91' lang='lat' dir='ltr'>nulla</span> <span class='ocrx_word' id='word_1_196' title='bbox 858 3425 953 3481; x_wconf 92' lang='lat' dir='ltr'>est</span> <span class='ocrx_word' id='word_1_197' title='bbox 980 3418 1288 3479; x_wconf 86' lang='lat' dir='ltr'>naturalis</span> <span class='ocrx_word' id='word_1_198' title='bbox 1332 3417 1435 3477; x_wconf 89' lang='lat' dir='ltr'>lex</span> <span class='ocrx_word' id='word_1_199' title='bbox 1478 3432 1604 3495; x_wconf 82' lang='lat' dir='ltr'>qua</span> <span class='ocrx_word' id='word_1_200' title='bbox 1646 3434 1749 3483; x_wconf 82' lang='lat' dir='ltr'>co-,</span> 
     </span>
     <span class='ocr_line' id='line_1_33' title="bbox 190 3510 1747 3593; baseline -0.001 -21"><span class='ocrx_word' id='word_1_201' title='bbox 190 3529 412 3593; x_wconf 89' lang='lat' dir='ltr'>gamur</span> <span class='ocrx_word' id='word_1_202' title='bbox 442 3511 583 3574; x_wconf 90' lang='lat' dir='ltr'>illos</span> <span class='ocrx_word' id='word_1_203' title='bbox 618 3531 733 3591; x_wconf 90' lang='lat' dir='ltr'>per</span> <span class='ocrx_word' id='word_1_204' title='bbox 778 3512 1086 3591; x_wconf 86' lang='lat' dir='ltr'>imagines</span> <span class='ocrx_word' id='word_1_205' title='bbox 1141 3510 1370 3579; x_wconf 82' lang='lat' dir='ltr'>colere,</span> <span class='ocrx_word' id='word_1_206' title='bbox 1414 3515 1479 3572; x_wconf 89' lang='lat' dir='ltr'>et</span> <span class='ocrx_word' id='word_1_207' title='bbox 1522 3527 1747 3571; x_wconf 87' lang='lat' dir='ltr'>conse-</span> 
     </span>
     <span class='ocr_line' id='line_1_34' title="bbox 190 3604 1745 3687; baseline -0.001 -21"><span class='ocrx_word' id='word_1_208' title='bbox 190 3612 455 3685; x_wconf 88' lang='lat' dir='ltr'>quenter</span> <span class='ocrx_word' id='word_1_209' title='bbox 478 3624 596 3669; x_wconf 88' lang='lat' dir='ltr'>nec</span> <span class='ocrx_word' id='word_1_210' title='bbox 628 3606 1033 3687; x_wconf 77' lang='lat' dir='ltr'>imaginibUS,</span> <span class='ocrx_word' id='word_1_211' title='bbox 1073 3610 1183 3667; x_wconf 89' lang='lat' dir='ltr'>aut</span> <span class='ocrx_word' id='word_1_212' title='bbox 1224 3620 1442 3667; x_wconf 88' lang='lat' dir='ltr'>earum</span> <span class='ocrx_word' id='word_1_213' title='bbox 1470 3604 1641 3666; x_wconf 87' lang='lat' dir='ltr'>cultu</span> <span class='ocrx_word' id='word_1_214' title='bbox 1682 3606 1745 3665; x_wconf 85' lang='lat' dir='ltr'>et</span> 
     </span>
     <span class='ocr_line' id='line_1_35' title="bbox 194 3700 735 3763; baseline 0.006 -3"><span class='ocrx_word' id='word_1_215' title='bbox 194 3700 583 3763; x_wconf 76' lang='lat' dir='ltr'>veneratione</span> <span class='ocrx_word' id='word_1_216' title='bbox 623 3702 735 3763; x_wconf 86' lang='lat' dir='ltr'>uti.</span> 
     </span>
    </p>

    <p class='ocr_par' dir='ltr' id='par_1_8' title="bbox 188 3792 1749 5565">
     <span class='ocr_line' id='line_1_36' title="bbox 276 3792 1745 3876; baseline 0.001 -22"><span class='ocrx_word' id='word_1_217' title='bbox 276 3796 335 3854; x_wconf 89' lang='lat'>3.</span> <span class='ocrx_word' id='word_1_218' title='bbox 406 3792 769 3875; x_wconf 62' lang='lat' dir='ltr'>Consuetudo</span> <span class='ocrx_word' id='word_1_219' title='bbox 821 3795 1119 3859; x_wconf 67' lang='lat' dir='ltr'>Ecclesia.»</span> <span class='ocrx_word' id='word_1_220' title='bbox 1188 3794 1353 3858; x_wconf 78' lang='lat' dir='ltr'>circa</span> <span class='ocrx_word' id='word_1_221' title='bbox 1407 3794 1745 3876; x_wconf 71' lang='lat' dir='ltr'>imaqimcm</span> 
     </span>
     <span class='ocr_line' id='line_1_37' title="bbox 188 3888 1743 3969; baseline -0.001 -18"><span class='ocrx_word' id='word_1_222' title='bbox 188 3906 367 3951; x_wconf 76' lang='lat' dir='ltr'>mum</span> <span class='ocrx_word' id='word_1_223' title='bbox 384 3888 585 3951; x_wconf 75' lang='lat' dir='ltr'>instar</span> <span class='ocrx_word' id='word_1_224' title='bbox 598 3890 887 3969; x_wconf 66' lang='lat' dir='ltr'>praecepti</span> <span class='ocrx_word' id='word_1_225' title='bbox 893 3888 1138 3950; x_wconf 90' lang='lat' dir='ltr'>.—Dico</span> <span class='ocrx_word' id='word_1_226' title='bbox 1158 3888 1432 3949; x_wconf 87' lang='lat' dir='ltr'>secundo</span> <span class='ocrx_word' id='word_1_227' title='bbox 1452 3906 1549 3960; x_wconf 83' lang='lat' dir='ltr'>ex,</span> <span class='ocrx_word' id='word_1_228' title='bbox 1568 3904 1743 3949; x_wconf 86' lang='lat' dir='ltr'>more</span> 
     </span>
     <span class='ocr_line' id='line_1_38' title="bbox 196 3981 1745 4060; baseline -0.001 -18"><span class='ocrx_word' id='word_1_229' title='bbox 196 3988 261 4043; x_wconf 85' lang='lat' dir='ltr'>et.</span> <span class='ocrx_word' id='word_1_230' title='bbox 304 3981 749 4043; x_wconf 90' lang='lat' dir='ltr'>consuetudine</span> <span class='ocrx_word' id='word_1_231' title='bbox 778 3982 1071 4043; x_wconf 74' lang='lat' dir='ltr'>Ecclesiae</span> <span class='ocrx_word' id='word_1_232' title='bbox 1113 4000 1253 4043; x_wconf 89' lang='lat' dir='ltr'>esse</span> <span class='ocrx_word' id='word_1_233' title='bbox 1302 3982 1513 4060; x_wconf 84' lang='lat' dir='ltr'>aliquo</span> <span class='ocrx_word' id='word_1_234' title='bbox 1556 3981 1745 4041; x_wconf 90' lang='lat' dir='ltr'>modo</span> 
     </span>
     <span class='ocr_line' id='line_1_39' title="bbox 194 4074 1749 4155; baseline -0.001 -20"><span class='ocrx_word' id='word_1_235' title='bbox 194 4080 572 4155; x_wconf 80' lang='lat' dir='ltr'>praeceptum</span> <span class='ocrx_word' id='word_1_236' title='bbox 617 4092 865 4135; x_wconf 87' lang='lat' dir='ltr'>sacrum</span> <span class='ocrx_word' id='word_1_237' title='bbox 911 4075 1258 4155; x_wconf 88' lang='lat' dir='ltr'>imaginum</span> <span class='ocrx_word' id='word_1_238' title='bbox 1306 4092 1512 4134; x_wconf 87' lang='lat' dir='ltr'>nsum.</span> <span class='ocrx_word' id='word_1_239' title='bbox 1542 4074 1749 4155; x_wconf 80' lang='lat' dir='ltr'>Expli-</span> 
     </span>
     <span class='ocr_line' id='line_1_40' title="bbox 197 4167 1747 4247; baseline -0.002 -17"><span class='ocrx_word' id='word_1_240' title='bbox 197 4172 391 4240; x_wconf 86' lang='lat' dir='ltr'>catur,</span> <span class='ocrx_word' id='word_1_241' title='bbox 424 4186 568 4227; x_wconf 91' lang='lat' dir='ltr'>nam</span> <span class='ocrx_word' id='word_1_242' title='bbox 597 4168 903 4247; x_wconf 86' lang='lat' dir='ltr'>imprimis</span> <span class='ocrx_word' id='word_1_243' title='bbox 934 4168 1167 4247; x_wconf 89' lang='lat' dir='ltr'>templa</span> <span class='ocrx_word' id='word_1_244' title='bbox 1195 4172 1255 4229; x_wconf 89' lang='lat' dir='ltr'>et</span> <span class='ocrx_word' id='word_1_245' title='bbox 1284 4168 1503 4229; x_wconf 88' lang='lat' dir='ltr'>altaria</span> <span class='ocrx_word' id='word_1_246' title='bbox 1533 4167 1747 4228; x_wconf 90' lang='lat' dir='ltr'>ornari</span> 
     </span>
     <span class='ocr_line' id='line_1_41' title="bbox 198 4262 1743 4343; baseline -0.001 -20"><span class='ocrx_word' id='word_1_247' title='bbox 198 4262 422 4324; x_wconf 86' lang='lat' dir='ltr'>debent</span> <span class='ocrx_word' id='word_1_248' title='bbox 453 4262 853 4343; x_wconf 70' lang='lat' dir='ltr'>imaginibus»,</span> <span class='ocrx_word' id='word_1_249' title='bbox 884 4280 1087 4343; x_wconf 90' lang='lat' dir='ltr'>neque</span> <span class='ocrx_word' id='word_1_250' title='bbox 1118 4262 1297 4325; x_wconf 87' lang='lat' dir='ltr'>aliter</span> <span class='ocrx_word' id='word_1_251' title='bbox 1323 4268 1585 4341; x_wconf 86' lang='lat' dir='ltr'>possunt</span> <span class='ocrx_word' id='word_1_252' title='bbox 1608 4262 1743 4322; x_wconf 89' lang='lat' dir='ltr'>sine</span> 
     </span>
     <span class='ocr_line' id='line_1_42' title="bbox 198 4353 1744 4434; baseline -0.003 -18"><span class='ocrx_word' id='word_1_253' title='bbox 198 4354 481 4416; x_wconf 80' lang='lat' dir='ltr'>scandalo</span> <span class='ocrx_word' id='word_1_254' title='bbox 503 4360 565 4417; x_wconf 93' lang='lat' dir='ltr'>et</span> <span class='ocrx_word' id='word_1_255' title='bbox 593 4358 765 4434; x_wconf 88' lang='lat' dir='ltr'>gravi</span> <span class='ocrx_word' id='word_1_256' title='bbox 790 4355 1215 4431; x_wconf 86' lang='lat' dir='ltr'>irreverentia,</span> <span class='ocrx_word' id='word_1_257' title='bbox 1239 4356 1563 4434; x_wconf 84' lang='lat' dir='ltr'>supposita</span> <span class='ocrx_word' id='word_1_258' title='bbox 1590 4353 1744 4413; x_wconf 86' lang='lat' dir='ltr'>fide-</span> 
     </span>
     <span class='ocr_line' id='line_1_43' title="bbox 195 4446 1743 4523; baseline -0.003 -12"><span class='ocrx_word' id='word_1_259' title='bbox 195 4448 347 4511; x_wconf 90' lang='lat' dir='ltr'>lium</span> <span class='ocrx_word' id='word_1_260' title='bbox 392 4446 843 4510; x_wconf 86' lang='lat' dir='ltr'>existimatione</span> <span class='ocrx_word' id='word_1_261' title='bbox 888 4452 949 4510; x_wconf 88' lang='lat' dir='ltr'>et</span> <span class='ocrx_word' id='word_1_262' title='bbox 1002 4446 1482 4523; x_wconf 85' lang='lat' dir='ltr'>consuetudine,</span> <span class='ocrx_word' id='word_1_263' title='bbox 1537 4447 1603 4508; x_wconf 91' lang='lat' dir='ltr'>in</span> <span class='ocrx_word' id='word_1_264' title='bbox 1651 4446 1743 4507; x_wconf 88' lang='lat' dir='ltr'>eis</span> 
     </span>
     <span class='ocr_line' id='line_1_44' title="bbox 202 4541 1741 4623; baseline -0.003 -18"><span class='ocrx_word' id='word_1_265' title='bbox 202 4562 454 4605; x_wconf 82' lang='lat' dir='ltr'>munera</span> <span class='ocrx_word' id='word_1_266' title='bbox 478 4560 655 4605; x_wconf 83' lang='lat' dir='ltr'>sacra</span> <span class='ocrx_word' id='word_1_267' title='bbox 686 4544 924 4623; x_wconf 82' lang='lat' dir='ltr'>peragi.</span> <span class='ocrx_word' id='word_1_268' title='bbox 962 4542 1221 4619; x_wconf 90' lang='lat' dir='ltr'>Deinde,</span> <span class='ocrx_word' id='word_1_269' title='bbox 1253 4542 1516 4623; x_wconf 86' lang='lat' dir='ltr'>quilibet</span> <span class='ocrx_word' id='word_1_270' title='bbox 1539 4541 1741 4603; x_wconf 87' lang='lat' dir='ltr'>fidelis</span> 
     </span>
     <span class='ocr_line' id='line_1_45' title="bbox 201 4634 1742 4717; baseline -0.001 -21"><span class='ocrx_word' id='word_1_271' title='bbox 201 4636 359 4697; x_wconf 90' lang='lat' dir='ltr'>male</span> <span class='ocrx_word' id='word_1_272' title='bbox 387 4643 445 4697; x_wconf 91' lang='lat' dir='ltr'>et</span> <span class='ocrx_word' id='word_1_273' title='bbox 472 4636 898 4716; x_wconf 86' lang='lat' dir='ltr'>superstitiose</span> <span class='ocrx_word' id='word_1_274' title='bbox 944 4642 1183 4717; x_wconf 85' lang='lat' dir='ltr'>ageret,</span> <span class='ocrx_word' id='word_1_275' title='bbox 1216 4638 1265 4697; x_wconf 90' lang='lat' dir='ltr'>si</span> <span class='ocrx_word' id='word_1_276' title='bbox 1313 4654 1391 4697; x_wconf 87' lang='lat' dir='ltr'>ex</span> <span class='ocrx_word' id='word_1_277' title='bbox 1436 4634 1742 4697; x_wconf 87' lang='lat' dir='ltr'>industria</span> 
     </span>
     <span class='ocr_line' id='line_1_46' title="bbox 208 4729 1743 4813; baseline -0.002 -18"><span class='ocrx_word' id='word_1_278' title='bbox 208 4731 287 4795; x_wconf 89' lang='lat' dir='ltr'>ab</span> <span class='ocrx_word' id='word_1_279' title='bbox 313 4750 417 4793; x_wconf 86' lang='lat' dir='ltr'>usu</span> <span class='ocrx_word' id='word_1_280' title='bbox 441 4732 786 4811; x_wconf 87' lang='lat' dir='ltr'>imaginum</span> <span class='ocrx_word' id='word_1_281' title='bbox 816 4729 1189 4813; x_wconf 49' lang='lat' dir='ltr'>abstinerem</span> <span class='ocrx_word' id='word_1_282' title='bbox 1224 4732 1370 4811; x_wconf 89' lang='lat' dir='ltr'>quia</span> <span class='ocrx_word' id='word_1_283' title='bbox 1399 4732 1451 4801; x_wconf 83' lang='lat' dir='ltr'>si</span> <span class='ocrx_word' id='word_1_284' title='bbox 1489 4734 1609 4793; x_wconf 90' lang='lat' dir='ltr'>hoc</span> <span class='ocrx_word' id='word_1_285' title='bbox 1648 4730 1743 4792; x_wconf 88' lang='lat' dir='ltr'>fa-</span> 
     </span>
     <span class='ocr_line' id='line_1_47' title="bbox 209 4823 1743 4907; baseline -0.001 -20"><span class='ocrx_word' id='word_1_286' title='bbox 209 4833 368 4887; x_wconf 86' lang='lat' dir='ltr'>ceret</span> <span class='ocrx_word' id='word_1_287' title='bbox 398 4823 681 4907; x_wconf 88' lang='lat' dir='ltr'>judicans</span> <span class='ocrx_word' id='word_1_288' title='bbox 728 4825 903 4886; x_wconf 90' lang='lat' dir='ltr'>illum</span> <span class='ocrx_word' id='word_1_289' title='bbox 934 4844 1073 4887; x_wconf 91' lang='lat' dir='ltr'>esse</span> <span class='ocrx_word' id='word_1_290' title='bbox 1121 4825 1380 4897; x_wconf 88' lang='lat' dir='ltr'>malum,</span> <span class='ocrx_word' id='word_1_291' title='bbox 1416 4824 1743 4887; x_wconf 84' lang='lat' dir='ltr'>haereticus</span> 
     </span>
     <span class='ocr_line' id='line_1_48' title="bbox 211 4916 1744 4998; baseline -0.003 -16"><span class='ocrx_word' id='word_1_292' title='bbox 211 4925 396 4993; x_wconf 80' lang='lat' dir='ltr'>esset3</span> <span class='ocrx_word' id='word_1_293' title='bbox 427 4919 475 4979; x_wconf 91' lang='lat' dir='ltr'>si</span> <span class='ocrx_word' id='word_1_294' title='bbox 505 4936 643 4981; x_wconf 86' lang='lat' dir='ltr'>vere</span> <span class='ocrx_word' id='word_1_295' title='bbox 672 4918 737 4980; x_wconf 90' lang='lat' dir='ltr'>id</span> <span class='ocrx_word' id='word_1_296' title='bbox 758 4918 993 4980; x_wconf 85' lang='lat' dir='ltr'>faceret</span> <span class='ocrx_word' id='word_1_297' title='bbox 1010 4916 1303 4998; x_wconf 88' lang='lat' dir='ltr'>judicans</span> <span class='ocrx_word' id='word_1_298' title='bbox 1329 4918 1395 4978; x_wconf 85' lang='lat' dir='ltr'>id</span> <span class='ocrx_word' id='word_1_299' title='bbox 1422 4936 1557 4979; x_wconf 89' lang='lat' dir='ltr'>esse</span> <span class='ocrx_word' id='word_1_300' title='bbox 1594 4935 1744 4977; x_wconf 87' lang='lat' dir='ltr'>con—</span> 
     </span>
     <span class='ocr_line' id='line_1_49' title="bbox 207 5011 1743 5092; baseline -0.004 -15"><span class='ocrx_word' id='word_1_301' title='bbox 207 5014 560 5090; x_wconf 81' lang='lat' dir='ltr'>venientius,</span> <span class='ocrx_word' id='word_1_302' title='bbox 588 5013 689 5074; x_wconf 81' lang='lat' dir='ltr'>vel</span> <span class='ocrx_word' id='word_1_303' title='bbox 715 5012 799 5075; x_wconf 90' lang='lat' dir='ltr'>ad</span> <span class='ocrx_word' id='word_1_304' title='bbox 818 5012 1202 5092; x_wconf 89' lang='lat' dir='ltr'>spiritualem</span> <span class='ocrx_word' id='word_1_305' title='bbox 1244 5011 1593 5092; x_wconf 82' lang='lat' dir='ltr'>profectum</span> <span class='ocrx_word' id='word_1_306' title='bbox 1625 5012 1743 5072; x_wconf 90' lang='lat' dir='ltr'>uti-</span> 
     </span>
     <span class='ocr_line' id='line_1_50' title="bbox 207 5106 1743 5187; baseline -0.002 -16"><span class='ocrx_word' id='word_1_307' title='bbox 207 5110 343 5183; x_wconf 82' lang='lat' dir='ltr'>lius,</span> <span class='ocrx_word' id='word_1_308' title='bbox 369 5114 527 5169; x_wconf 85' lang='lat' dir='ltr'>certe</span> <span class='ocrx_word' id='word_1_309' title='bbox 565 5106 1027 5187; x_wconf 89' lang='lat' dir='ltr'>superstitiosus</span> <span class='ocrx_word' id='word_1_310' title='bbox 1056 5110 1241 5181; x_wconf 89' lang='lat' dir='ltr'>esset,</span> <span class='ocrx_word' id='word_1_311' title='bbox 1277 5112 1338 5166; x_wconf 90' lang='lat' dir='ltr'>et</span> <span class='ocrx_word' id='word_1_312' title='bbox 1382 5106 1487 5167; x_wconf 82' lang='lat' dir='ltr'>vix</span> <span class='ocrx_word' id='word_1_313' title='bbox 1532 5112 1743 5185; x_wconf 89' lang='lat' dir='ltr'>posset</span> 
     </span>
     <span class='ocr_line' id='line_1_51' title="bbox 211 5199 1744 5283; baseline -0.003 -19"><span class='ocrx_word' id='word_1_314' title='bbox 211 5221 330 5265; x_wconf 90' lang='lat' dir='ltr'>non</span> <span class='ocrx_word' id='word_1_315' title='bbox 358 5220 648 5283; x_wconf 88' lang='lat' dir='ltr'>generare</span> <span class='ocrx_word' id='word_1_316' title='bbox 679 5200 1066 5275; x_wconf 88' lang='lat' dir='ltr'>scandalum,</span> <span class='ocrx_word' id='word_1_317' title='bbox 1100 5208 1162 5263; x_wconf 90' lang='lat' dir='ltr'>et</span> <span class='ocrx_word' id='word_1_318' title='bbox 1190 5200 1415 5261; x_wconf 89' lang='lat' dir='ltr'>erroris</span> <span class='ocrx_word' id='word_1_319' title='bbox 1442 5199 1744 5279; x_wconf 89' lang='lat' dir='ltr'>suspicio-</span> 
     </span>
     <span class='ocr_line' id='line_1_52' title="bbox 212 5294 1743 5374; baseline -0.003 -15"><span class='ocrx_word' id='word_1_320' title='bbox 212 5314 367 5369; x_wconf 88' lang='lat' dir='ltr'>nem,</span> <span class='ocrx_word' id='word_1_321' title='bbox 395 5297 729 5374; x_wconf 87' lang='lat' dir='ltr'>praesertim</span> <span class='ocrx_word' id='word_1_322' title='bbox 755 5314 899 5356; x_wconf 90' lang='lat' dir='ltr'>cum</span> <span class='ocrx_word' id='word_1_323' title='bbox 943 5294 1046 5357; x_wconf 84' lang='lat' dir='ltr'>hic</span> <span class='ocrx_word' id='word_1_324' title='bbox 1088 5313 1239 5355; x_wconf 88' lang='lat' dir='ltr'>usus</span> <span class='ocrx_word' id='word_1_325' title='bbox 1290 5300 1421 5355; x_wconf 87' lang='lat' dir='ltr'>tam</span> <span class='ocrx_word' id='word_1_326' title='bbox 1447 5294 1743 5373; x_wconf 83' lang='lat' dir='ltr'>frequens</span> 
     </span>
     <span class='ocr_line' id='line_1_53' title="bbox 216 5385 1744 5467; baseline -0.005 -14"><span class='ocrx_word' id='word_1_327' title='bbox 216 5390 292 5453; x_wconf 88' lang='lat' dir='ltr'>sit</span> <span class='ocrx_word' id='word_1_328' title='bbox 315 5390 600 5452; x_wconf 72' lang='lat' dir='ltr'>universae</span> <span class='ocrx_word' id='word_1_329' title='bbox 626 5389 937 5461; x_wconf 79' lang='lat' dir='ltr'>Ecclesiae,</span> <span class='ocrx_word' id='word_1_330' title='bbox 974 5406 1092 5449; x_wconf 87' lang='lat' dir='ltr'>nec</span> <span class='ocrx_word' id='word_1_331' title='bbox 1134 5393 1347 5467; x_wconf 87' lang='lat' dir='ltr'>partes</span> <span class='ocrx_word' id='word_1_332' title='bbox 1393 5385 1665 5449; x_wconf 88' lang='lat' dir='ltr'>debeant</span> <span class='ocrx_word' id='word_1_333' title='bbox 1706 5404 1744 5447; x_wconf 87' lang='lat' dir='ltr'>a</span> 
     </span>
     <span class='ocr_line' id='line_1_54' title="bbox 216 5481 1747 5565; baseline -0.003 -19"><span class='ocrx_word' id='word_1_334' title='bbox 216 5501 452 5565; x_wconf 87' lang='lat' dir='ltr'>corpore</span> <span class='ocrx_word' id='word_1_335' title='bbox 504 5482 823 5546; x_wconf 83' lang='lat' dir='ltr'>dissidere.</span> <span class='ocrx_word' id='word_1_336' title='bbox 876 5481 1113 5543; x_wconf 86' lang='lat' dir='ltr'>Deinde</span> <span class='ocrx_word' id='word_1_337' title='bbox 1172 5481 1491 5542; x_wconf 90' lang='lat' dir='ltr'>interdum</span> <span class='ocrx_word' id='word_1_338' title='bbox 1536 5485 1747 5561; x_wconf 84' lang='lat' dir='ltr'>posset</span> 
     </span>
    </p>
   </div>
   <div class='ocr_carea' id='block_1_6' title="bbox 3278 324 3394 385">
    <p class='ocr_par' dir='ltr' id='par_1_9' title="bbox 3278 324 3394 385">
     <span class='ocr_line' id='line_1_55' title="bbox 3278 324 3394 385; baseline 0.026 -3"><span class='ocrx_word' id='word_1_339' title='bbox 3278 324 3394 385; x_wconf 75' lang='lat'>047</span> 
     </span>
    </p>
   </div>
   <div class='ocr_carea' id='block_1_7' title="bbox 1826 420 3398 3572">
    <p class='ocr_par' dir='ltr' id='par_1_10' title="bbox 1830 420 3396 1158">
     <span class='ocr_line' id='line_1_56' title="bbox 1839 420 3396 503; baseline 0.007 -23"><span class='ocrx_word' id='word_1_340' title='bbox 1839 420 2114 500; x_wconf 89' lang='lat' dir='ltr'>obligare</span> <span class='ocrx_word' id='word_1_341' title='bbox 2140 420 2261 484; x_wconf 92' lang='lat' dir='ltr'>hoc</span> <span class='ocrx_word' id='word_1_342' title='bbox 2291 429 2691 503; x_wconf 68' lang='lat' dir='ltr'>praeceptum,</span> <span class='ocrx_word' id='word_1_343' title='bbox 2720 424 2832 487; x_wconf 89' lang='lat' dir='ltr'>ubi</span> <span class='ocrx_word' id='word_1_344' title='bbox 2857 426 2938 487; x_wconf 90' lang='lat' dir='ltr'>ad</span> <span class='ocrx_word' id='word_1_345' title='bbox 2966 428 3274 490; x_wconf 89' lang='lat' dir='ltr'>honorem</span> <span class='ocrx_word' id='word_1_346' title='bbox 3298 447 3396 491; x_wconf 90' lang='lat' dir='ltr'>re·</span> 
     </span>
     <span class='ocr_line' id='line_1_57' title="bbox 1834 511 3396 591; baseline 0.008 -19"><span class='ocrx_word' id='word_1_347' title='bbox 1834 511 2086 591; x_wconf 87' lang='lat' dir='ltr'>ligionis</span> <span class='ocrx_word' id='word_1_348' title='bbox 2123 531 2230 577; x_wconf 90' lang='lat' dir='ltr'>seu</span> <span class='ocrx_word' id='word_1_349' title='bbox 2257 514 2406 577; x_wconf 88' lang='lat' dir='ltr'>fidei</span> <span class='ocrx_word' id='word_1_350' title='bbox 2447 517 2906 582; x_wconf 86' lang='lat' dir='ltr'>confessionem</span> <span class='ocrx_word' id='word_1_351' title='bbox 2936 520 3396 585; x_wconf 83' lang='lat' dir='ltr'>existimaretur</span> 
     </span>
     <span class='ocr_line' id='line_1_58' title="bbox 1834 610 3390 693; baseline 0.006 -26"><span class='ocrx_word' id='word_1_352' title='bbox 1834 611 2263 671; x_wconf 86' lang='lat' dir='ltr'>necessarium</span> <span class='ocrx_word' id='word_1_353' title='bbox 2276 627 2296 687; x_wconf 90' lang='lat'>;</span> <span class='ocrx_word' id='word_1_354' title='bbox 2328 610 2612 673; x_wconf 86' lang='lat' dir='ltr'>absolute</span> <span class='ocrx_word' id='word_1_355' title='bbox 2655 618 2867 675; x_wconf 89' lang='lat' dir='ltr'>tamen</span> <span class='ocrx_word' id='word_1_356' title='bbox 2911 620 2974 675; x_wconf 87' lang='lat' dir='ltr'>et</span> <span class='ocrx_word' id='word_1_357' title='bbox 3009 614 3390 693; x_wconf 87' lang='lat' dir='ltr'>simpliciter,</span> 
     </span>
     <span class='ocr_line' id='line_1_59' title="bbox 1834 702 3396 786; baseline 0.005 -25"><span class='ocrx_word' id='word_1_358' title='bbox 1834 718 1964 763; x_wconf 90' lang='lat' dir='ltr'>non</span> <span class='ocrx_word' id='word_1_359' title='bbox 1997 702 2244 767; x_wconf 86' lang='lat' dir='ltr'>invenio</span> <span class='ocrx_word' id='word_1_360' title='bbox 2277 704 2344 765; x_wconf 90' lang='lat' dir='ltr'>in</span> <span class='ocrx_word' id='word_1_361' title='bbox 2386 706 2507 767; x_wconf 88' lang='lat' dir='ltr'>hac</span> <span class='ocrx_word' id='word_1_362' title='bbox 2547 726 2614 768; x_wconf 92' lang='lat' dir='ltr'>re</span> <span class='ocrx_word' id='word_1_363' title='bbox 2645 713 3026 786; x_wconf 76' lang='lat' dir='ltr'>praeceptum</span> <span class='ocrx_word' id='word_1_364' title='bbox 3081 710 3396 769; x_wconf 86' lang='lat' dir='ltr'>affirmati-</span> 
     </span>
     <span class='ocr_line' id='line_1_60' title="bbox 1830 796 3389 886; baseline 0.004 -31"><span class='ocrx_word' id='word_1_365' title='bbox 1830 813 1980 886; x_wconf 82' lang='lat' dir='ltr'>vum</span> <span class='ocrx_word' id='word_1_366' title='bbox 2008 799 2178 875; x_wconf 89' lang='lat' dir='ltr'>quod</span> <span class='ocrx_word' id='word_1_367' title='bbox 2207 798 2488 877; x_wconf 87' lang='lat' dir='ltr'>singulos</span> <span class='ocrx_word' id='word_1_368' title='bbox 2529 796 2750 861; x_wconf 86' lang='lat' dir='ltr'>fideles</span> <span class='ocrx_word' id='word_1_369' title='bbox 2781 800 3033 881; x_wconf 88' lang='lat' dir='ltr'>obliget.</span> <span class='ocrx_word' id='word_1_370' title='bbox 3087 802 3286 875; x_wconf 89' lang='lat' dir='ltr'>Unde,</span> <span class='ocrx_word' id='word_1_371' title='bbox 3337 802 3389 861; x_wconf 86' lang='lat' dir='ltr'>si</span> 
     </span>
     <span class='ocr_line' id='line_1_61' title="bbox 1832 890 3392 973; baseline 0.004 -25"><span class='ocrx_word' id='word_1_372' title='bbox 1832 890 1974 967; x_wconf 88' lang='lat' dir='ltr'>quis</span> <span class='ocrx_word' id='word_1_373' title='bbox 1995 908 2072 951; x_wconf 83' lang='lat' dir='ltr'>ex</span> <span class='ocrx_word' id='word_1_374' title='bbox 2102 890 2484 973; x_wconf 86' lang='lat' dir='ltr'>negligentia</span> <span class='ocrx_word' id='word_1_375' title='bbox 2500 893 2599 953; x_wconf 85' lang='lat' dir='ltr'>vel</span> <span class='ocrx_word' id='word_1_376' title='bbox 2619 894 2877 955; x_wconf 81' lang='lat' dir='ltr'>avaritia</span> <span class='ocrx_word' id='word_1_377' title='bbox 2893 912 3219 973; x_wconf 88' lang='lat' dir='ltr'>nunquam</span> <span class='ocrx_word' id='word_1_378' title='bbox 3237 894 3392 955; x_wconf 85' lang='lat' dir='ltr'>ima-</span> 
     </span>
     <span class='ocr_line' id='line_1_62' title="bbox 1831 983 3395 1071; baseline 0.004 -28"><span class='ocrx_word' id='word_1_379' title='bbox 1831 983 2082 1063; x_wconf 88' lang='lat' dir='ltr'>ginibus</span> <span class='ocrx_word' id='word_1_380' title='bbox 2110 986 2402 1064; x_wconf 86' lang='lat' dir='ltr'>privatim</span> <span class='ocrx_word' id='word_1_381' title='bbox 2431 990 2736 1063; x_wconf 86' lang='lat' dir='ltr'>uteretur,</span> <span class='ocrx_word' id='word_1_382' title='bbox 2765 1006 2840 1049; x_wconf 87' lang='lat' dir='ltr'>ex</span> <span class='ocrx_word' id='word_1_383' title='bbox 2869 987 2990 1051; x_wconf 91' lang='lat' dir='ltr'>hoc</span> <span class='ocrx_word' id='word_1_384' title='bbox 3021 989 3224 1071; x_wconf 87' lang='lat' dir='ltr'>capite</span> <span class='ocrx_word' id='word_1_385' title='bbox 3255 1006 3395 1069; x_wconf 87' lang='lat' dir='ltr'>spe-</span> 
     </span>
     <span class='ocr_line' id='line_1_63' title="bbox 1834 1076 2977 1158; baseline 0.003 -19"><span class='ocrx_word' id='word_1_386' title='bbox 1834 1076 1989 1139; x_wconf 86' lang='lat' dir='ltr'>ciale</span> <span class='ocrx_word' id='word_1_387' title='bbox 2019 1086 2344 1158; x_wconf 90' lang='lat' dir='ltr'>peccatum</span> <span class='ocrx_word' id='word_1_388' title='bbox 2372 1098 2502 1141; x_wconf 93' lang='lat' dir='ltr'>non</span> <span class='ocrx_word' id='word_1_389' title='bbox 2538 1082 2977 1144; x_wconf 84' lang='lat' dir='ltr'>committeret.</span> 
     </span>
    </p>

    <p class='ocr_par' dir='ltr' id='par_1_11' title="bbox 1826 1170 3398 2847">
     <span class='ocr_line' id='line_1_64' title="bbox 1910 1170 3394 1258; baseline 0.007 -27"><span class='ocrx_word' id='word_1_390' title='bbox 1910 1174 1971 1232; x_wconf 78' lang='lat'>4.</span> <span class='ocrx_word' id='word_1_391' title='bbox 2023 1170 2356 1252; x_wconf 76' lang='lat' dir='ltr'>Supposito</span> <span class='ocrx_word' id='word_1_392' title='bbox 2375 1174 2710 1254; x_wconf 72' lang='lat' dir='ltr'>imaqinum</span> <span class='ocrx_word' id='word_1_393' title='bbox 2730 1194 2869 1252; x_wconf 75' lang='lat' dir='ltr'>usu,</span> <span class='ocrx_word' id='word_1_394' title='bbox 2891 1176 3113 1258; x_wconf 60' lang='lat' dir='ltr'>duple&amp;</span> <span class='ocrx_word' id='word_1_395' title='bbox 3135 1192 3394 1256; x_wconf 75' lang='lat' dir='ltr'>prteoop-</span> 
     </span>
     <span class='ocr_line' id='line_1_65' title="bbox 1831 1267 3393 1349; baseline 0.003 -24"><span class='ocrx_word' id='word_1_396' title='bbox 1831 1269 1960 1325; x_wconf 78' lang='lat' dir='ltr'>tum</span> <span class='ocrx_word' id='word_1_397' title='bbox 1984 1267 2288 1329; x_wconf 78' lang='lat' dir='ltr'>oritur.—</span> <span class='ocrx_word' id='word_1_398' title='bbox 2313 1268 2458 1328; x_wconf 87' lang='lat' dir='ltr'>Dico</span> <span class='ocrx_word' id='word_1_399' title='bbox 2483 1269 2692 1339; x_wconf 83' lang='lat' dir='ltr'>tertio,</span> <span class='ocrx_word' id='word_1_400' title='bbox 2721 1270 3044 1349; x_wconf 85' lang='lat' dir='ltr'>supposito</span> <span class='ocrx_word' id='word_1_401' title='bbox 3073 1286 3393 1332; x_wconf 84' lang='lat' dir='ltr'>sacrarum</span> 
     </span>
     <span class='ocr_line' id='line_1_66' title="bbox 1829 1357 3394 1441; baseline 0.004 -23"><span class='ocrx_word' id='word_1_402' title='bbox 1829 1357 2176 1439; x_wconf 86' lang='lat' dir='ltr'>imaginum</span> <span class='ocrx_word' id='word_1_403' title='bbox 2207 1376 2349 1433; x_wconf 88' lang='lat' dir='ltr'>usn,</span> <span class='ocrx_word' id='word_1_404' title='bbox 2400 1360 2629 1441; x_wconf 81' lang='lat' dir='ltr'>duplex</span> <span class='ocrx_word' id='word_1_405' title='bbox 2667 1362 2831 1423; x_wconf 89' lang='lat' dir='ltr'>circa</span> <span class='ocrx_word' id='word_1_406' title='bbox 2868 1363 3119 1424; x_wconf 83' lang='lat' dir='ltr'>illarum</span> <span class='ocrx_word' id='word_1_407' title='bbox 3153 1364 3394 1425; x_wconf 89' lang='lat' dir='ltr'>cultum</span> 
     </span>
     <span class='ocr_line' id='line_1_67' title="bbox 1831 1454 3392 1533; baseline 0.003 -20"><span class='ocrx_word' id='word_1_408' title='bbox 1831 1468 1908 1513; x_wconf 85' lang='lat' dir='ltr'>ex</span> <span class='ocrx_word' id='word_1_409' title='bbox 1941 1456 2168 1514; x_wconf 88' lang='lat' dir='ltr'>natura</span> <span class='ocrx_word' id='word_1_410' title='bbox 2203 1454 2294 1515; x_wconf 89' lang='lat' dir='ltr'>rei</span> <span class='ocrx_word' id='word_1_411' title='bbox 2346 1461 2726 1533; x_wconf 85' lang='lat' dir='ltr'>praeceptum</span> <span class='ocrx_word' id='word_1_412' title='bbox 2767 1456 2938 1517; x_wconf 89' lang='lat' dir='ltr'>oriri.</span> <span class='ocrx_word' id='word_1_413' title='bbox 2985 1457 3264 1519; x_wconf 89' lang='lat' dir='ltr'>Alterum</span> <span class='ocrx_word' id='word_1_414' title='bbox 3295 1467 3392 1518; x_wconf 86' lang='lat' dir='ltr'>est</span> 
     </span>
     <span class='ocr_line' id='line_1_68' title="bbox 1834 1546 3397 1629; baseline 0.005 -24"><span class='ocrx_word' id='word_1_415' title='bbox 1834 1546 2225 1624; x_wconf 85' lang='lat' dir='ltr'>negativum,</span> <span class='ocrx_word' id='word_1_416' title='bbox 2255 1564 2383 1607; x_wconf 91' lang='lat' dir='ltr'>non</span> <span class='ocrx_word' id='word_1_417' title='bbox 2436 1546 2742 1610; x_wconf 84' lang='lat' dir='ltr'>inferendi</span> <span class='ocrx_word' id='word_1_418' title='bbox 2793 1548 2914 1609; x_wconf 92' lang='lat' dir='ltr'>illis</span> <span class='ocrx_word' id='word_1_419' title='bbox 2953 1550 3244 1629; x_wconf 85' lang='lat' dir='ltr'>injuriam</span> <span class='ocrx_word' id='word_1_420' title='bbox 3287 1558 3397 1613; x_wconf 87' lang='lat' dir='ltr'>aut</span> 
     </span>
     <span class='ocr_line' id='line_1_69' title="bbox 1830 1639 3397 1721; baseline 0.005 -21"><span class='ocrx_word' id='word_1_421' title='bbox 1830 1639 2329 1717; x_wconf 76' lang='lat' dir='ltr'>irreverentiam,</span> <span class='ocrx_word' id='word_1_422' title='bbox 2363 1641 2536 1719; x_wconf 85' lang='lat' dir='ltr'>qnod</span> <span class='ocrx_word' id='word_1_423' title='bbox 2561 1660 2678 1721; x_wconf 90' lang='lat' dir='ltr'>per</span> <span class='ocrx_word' id='word_1_424' title='bbox 2705 1660 2773 1704; x_wconf 92' lang='lat' dir='ltr'>se</span> <span class='ocrx_word' id='word_1_425' title='bbox 2797 1642 3036 1704; x_wconf 86' lang='lat' dir='ltr'>clarum</span> <span class='ocrx_word' id='word_1_426' title='bbox 3065 1648 3162 1706; x_wconf 87' lang='lat' dir='ltr'>est</span> <span class='ocrx_word' id='word_1_427' title='bbox 3188 1662 3264 1707; x_wconf 84' lang='lat' dir='ltr'>ex</span> <span class='ocrx_word' id='word_1_428' title='bbox 3290 1662 3397 1707; x_wconf 88' lang='lat' dir='ltr'>su-</span> 
     </span>
     <span class='ocr_line' id='line_1_70' title="bbox 1826 1735 3387 1817; baseline 0.005 -24"><span class='ocrx_word' id='word_1_429' title='bbox 1826 1748 1941 1813; x_wconf 88' lang='lat' dir='ltr'>pra</span> <span class='ocrx_word' id='word_1_430' title='bbox 1963 1735 2265 1812; x_wconf 78' lang='lat' dir='ltr'>tractat-ie,</span> <span class='ocrx_word' id='word_1_431' title='bbox 2293 1742 2354 1796; x_wconf 87' lang='lat' dir='ltr'>et</span> <span class='ocrx_word' id='word_1_432' title='bbox 2373 1735 2490 1796; x_wconf 91' lang='lat' dir='ltr'>hoc</span> <span class='ocrx_word' id='word_1_433' title='bbox 2509 1742 2886 1816; x_wconf 77' lang='lat' dir='ltr'>praeceptum</span> <span class='ocrx_word' id='word_1_434' title='bbox 2912 1754 2989 1799; x_wconf 86' lang='lat' dir='ltr'>ex</span> <span class='ocrx_word' id='word_1_435' title='bbox 3017 1756 3132 1799; x_wconf 89' lang='lat' dir='ltr'>suo</span> <span class='ocrx_word' id='word_1_436' title='bbox 3153 1756 3387 1817; x_wconf 86' lang='lat' dir='ltr'>genere</span> 
     </span>
     <span class='ocr_line' id='line_1_71' title="bbox 1830 1827 3391 1912; baseline 0.004 -24"><span class='ocrx_word' id='word_1_437' title='bbox 1830 1827 1947 1889; x_wconf 86' lang='lat' dir='ltr'>sub</span> <span class='ocrx_word' id='word_1_438' title='bbox 1964 1828 2214 1891; x_wconf 88' lang='lat' dir='ltr'>mortali</span> <span class='ocrx_word' id='word_1_439' title='bbox 2235 1836 2490 1907; x_wconf 86' lang='lat' dir='ltr'>peccato</span> <span class='ocrx_word' id='word_1_440' title='bbox 2521 1828 2777 1909; x_wconf 88' lang='lat' dir='ltr'>obligat,</span> <span class='ocrx_word' id='word_1_441' title='bbox 2809 1846 2952 1891; x_wconf 88' lang='lat' dir='ltr'>cum</span> <span class='ocrx_word' id='word_1_442' title='bbox 2969 1834 3228 1894; x_wconf 86' lang='lat' dir='ltr'>materia</span> <span class='ocrx_word' id='word_1_443' title='bbox 3255 1832 3391 1912; x_wconf 87' lang='lat' dir='ltr'>ejus</span> 
     </span>
     <span class='ocr_line' id='line_1_72' title="bbox 1828 1921 3396 2003; baseline 0.003 -22"><span class='ocrx_word' id='word_1_444' title='bbox 1828 1922 2037 2001; x_wconf 82' lang='lat' dir='ltr'>gravis</span> <span class='ocrx_word' id='word_1_445' title='bbox 2065 1921 2165 1997; x_wconf 88' lang='lat' dir='ltr'>sit,</span> <span class='ocrx_word' id='word_1_446' title='bbox 2197 1921 2364 1983; x_wconf 87' lang='lat' dir='ltr'>etad</span> <span class='ocrx_word' id='word_1_447' title='bbox 2407 1922 2777 2002; x_wconf 83' lang='lat' dir='ltr'>religionem</span> <span class='ocrx_word' id='word_1_448' title='bbox 2820 1932 3077 2003; x_wconf 87' lang='lat' dir='ltr'>spectet.</span> <span class='ocrx_word' id='word_1_449' title='bbox 3110 1926 3396 1988; x_wconf 83' lang='lat' dir='ltr'>Alterum</span> 
     </span>
     <span class='ocr_line' id='line_1_73' title="bbox 1835 2014 3394 2096; baseline 0.001 -20"><span class='ocrx_word' id='word_1_450' title='bbox 1835 2020 1930 2077; x_wconf 88' lang='lat' dir='ltr'>est</span> <span class='ocrx_word' id='word_1_451' title='bbox 1978 2014 2460 2091; x_wconf 86' lang='lat' dir='ltr'>affirmativum,</span> <span class='ocrx_word' id='word_1_452' title='bbox 2524 2016 2835 2077; x_wconf 88' lang='lat' dir='ltr'>tribuendi</span> <span class='ocrx_word' id='word_1_453' title='bbox 2879 2016 2979 2078; x_wconf 89' lang='lat' dir='ltr'>his</span> <span class='ocrx_word' id='word_1_454' title='bbox 3017 2018 3394 2096; x_wconf 87' lang='lat' dir='ltr'>imaginibus</span> 
     </span>
     <span class='ocr_line' id='line_1_74' title="bbox 1834 2108 3392 2191; baseline 0.001 -22"><span class='ocrx_word' id='word_1_455' title='bbox 1834 2108 2112 2170; x_wconf 89' lang='lat' dir='ltr'>debitum</span> <span class='ocrx_word' id='word_1_456' title='bbox 2142 2108 2399 2180; x_wconf 86' lang='lat' dir='ltr'>cultum;</span> <span class='ocrx_word' id='word_1_457' title='bbox 2433 2108 2547 2167; x_wconf 90' lang='lat' dir='ltr'>sed</span> <span class='ocrx_word' id='word_1_458' title='bbox 2585 2110 2701 2170; x_wconf 90' lang='lat' dir='ltr'>hoc</span> <span class='ocrx_word' id='word_1_459' title='bbox 2730 2115 2974 2172; x_wconf 86' lang='lat' dir='ltr'>tantum</span> <span class='ocrx_word' id='word_1_460' title='bbox 3017 2110 3251 2191; x_wconf 86' lang='lat' dir='ltr'>obligat</span> <span class='ocrx_word' id='word_1_461' title='bbox 3279 2128 3392 2190; x_wconf 93' lang='lat' dir='ltr'>pro</span> 
     </span>
     <span class='ocr_line' id='line_1_75' title="bbox 1835 2201 3398 2282; baseline 0 -18"><span class='ocrx_word' id='word_1_462' title='bbox 1835 2201 2225 2282; x_wconf 89' lang='lat' dir='ltr'>temporibus</span> <span class='ocrx_word' id='word_1_463' title='bbox 2257 2202 2632 2263; x_wconf 89' lang='lat' dir='ltr'>necessariis</span> <span class='ocrx_word' id='word_1_464' title='bbox 2643 2202 2824 2281; x_wconf 83' lang='lat' dir='ltr'>juxta</span> <span class='ocrx_word' id='word_1_465' title='bbox 2852 2221 3094 2265; x_wconf 91' lang='lat' dir='ltr'>morem</span> <span class='ocrx_word' id='word_1_466' title='bbox 3123 2204 3398 2265; x_wconf 85' lang='lat' dir='ltr'>affirma-</span> 
     </span>
     <span class='ocr_line' id='line_1_76' title="bbox 1832 2294 3396 2375; baseline 0 -18"><span class='ocrx_word' id='word_1_467' title='bbox 1832 2296 1946 2357; x_wconf 85' lang='lat' dir='ltr'>tivi</span> <span class='ocrx_word' id='word_1_468' title='bbox 2000 2295 2316 2375; x_wconf 80' lang='lat' dir='ltr'>praecepti.</span> <span class='ocrx_word' id='word_1_469' title='bbox 2371 2294 2516 2356; x_wconf 81' lang='lat' dir='ltr'>Haec</span> <span class='ocrx_word' id='word_1_470' title='bbox 2563 2301 2776 2357; x_wconf 87' lang='lat' dir='ltr'>autem</span> <span class='ocrx_word' id='word_1_471' title='bbox 2816 2298 3160 2358; x_wconf 88' lang='lat' dir='ltr'>necessitas</span> <span class='ocrx_word' id='word_1_472' title='bbox 3191 2296 3396 2357; x_wconf 87' lang='lat' dir='ltr'>solnm</span> 
     </span>
     <span class='ocr_line' id='line_1_77' title="bbox 1836 2388 3395 2469; baseline -0.001 -18"><span class='ocrx_word' id='word_1_473' title='bbox 1836 2408 1974 2451; x_wconf 88' lang='lat' dir='ltr'>esse</span> <span class='ocrx_word' id='word_1_474' title='bbox 1999 2394 2229 2469; x_wconf 88' lang='lat' dir='ltr'>potest,</span> <span class='ocrx_word' id='word_1_475' title='bbox 2261 2389 2362 2451; x_wconf 83' lang='lat' dir='ltr'>vel</span> <span class='ocrx_word' id='word_1_476' title='bbox 2387 2390 2438 2450; x_wconf 88' lang='lat' dir='ltr'>si</span> <span class='ocrx_word' id='word_1_477' title='bbox 2467 2388 2658 2450; x_wconf 86' lang='lat' dir='ltr'>fidem</span> <span class='ocrx_word' id='word_1_478' title='bbox 2692 2389 2975 2451; x_wconf 85' lang='lat' dir='ltr'>confiteri</span> <span class='ocrx_word' id='word_1_479' title='bbox 3007 2394 3252 2469; x_wconf 88' lang='lat' dir='ltr'>oportet</span> <span class='ocrx_word' id='word_1_480' title='bbox 3280 2408 3395 2469; x_wconf 88' lang='lat' dir='ltr'>per</span> 
     </span>
     <span class='ocr_line' id='line_1_78' title="bbox 1833 2482 3397 2565; baseline 0 -20"><span class='ocrx_word' id='word_1_481' title='bbox 1833 2484 2192 2565; x_wconf 86' lang='lat' dir='ltr'>hujusmodi</span> <span class='ocrx_word' id='word_1_482' title='bbox 2219 2489 2450 2557; x_wconf 89' lang='lat' dir='ltr'>actum,</span> <span class='ocrx_word' id='word_1_483' title='bbox 2474 2483 2574 2545; x_wconf 78' lang='lat' dir='ltr'>vel</span> <span class='ocrx_word' id='word_1_484' title='bbox 2589 2484 2641 2543; x_wconf 90' lang='lat' dir='ltr'>si</span> <span class='ocrx_word' id='word_1_485' title='bbox 2665 2502 2808 2545; x_wconf 89' lang='lat' dir='ltr'>cum</span> <span class='ocrx_word' id='word_1_486' title='bbox 2838 2484 3078 2546; x_wconf 76' lang='lat' dir='ltr'>caeteris</span> <span class='ocrx_word' id='word_1_487' title='bbox 3105 2482 3397 2545; x_wconf 89' lang='lat' dir='ltr'>fidelibus</span> 
     </span>
     <span class='ocr_line' id='line_1_79' title="bbox 1832 2576 3396 2659; baseline -0.001 -20"><span class='ocrx_word' id='word_1_488' title='bbox 1832 2577 2084 2659; x_wconf 87' lang='lat' dir='ltr'>publica</span> <span class='ocrx_word' id='word_1_489' title='bbox 2115 2576 2394 2638; x_wconf 86' lang='lat' dir='ltr'>adoratio</span> <span class='ocrx_word' id='word_1_490' title='bbox 2434 2576 2722 2638; x_wconf 83' lang='lat' dir='ltr'>facienda</span> <span class='ocrx_word' id='word_1_491' title='bbox 2751 2578 2851 2651; x_wconf 87' lang='lat' dir='ltr'>sit,</span> <span class='ocrx_word' id='word_1_492' title='bbox 2900 2576 3002 2638; x_wconf 85' lang='lat' dir='ltr'>vel</span> <span class='ocrx_word' id='word_1_493' title='bbox 3030 2576 3304 2656; x_wconf 90' lang='lat' dir='ltr'>denique</span> <span class='ocrx_word' id='word_1_494' title='bbox 3345 2578 3396 2640; x_wconf 85' lang='lat' dir='ltr'>si</span> 
     </span>
     <span class='ocr_line' id='line_1_80' title="bbox 1832 2670 3392 2751; baseline -0.001 -17"><span class='ocrx_word' id='word_1_495' title='bbox 1832 2673 2042 2750; x_wconf 87' lang='lat' dir='ltr'>aliqua</span> <span class='ocrx_word' id='word_1_496' title='bbox 2069 2670 2188 2731; x_wconf 91' lang='lat' dir='ltr'>alia</span> <span class='ocrx_word' id='word_1_497' title='bbox 2220 2670 2380 2732; x_wconf 86' lang='lat' dir='ltr'>actio</span> <span class='ocrx_word' id='word_1_498' title='bbox 2431 2672 2596 2732; x_wconf 90' lang='lat' dir='ltr'>circa</span> <span class='ocrx_word' id='word_1_499' title='bbox 2647 2672 2989 2751; x_wconf 89' lang='lat' dir='ltr'>imaginem</span> <span class='ocrx_word' id='word_1_500' title='bbox 3037 2670 3392 2733; x_wconf 87' lang='lat' dir='ltr'>exercenda</span> 
     </span>
     <span class='ocr_line' id='line_1_81' title="bbox 1830 2764 2878 2847; baseline -0.001 -19"><span class='ocrx_word' id='word_1_501' title='bbox 1830 2767 1925 2840; x_wconf 88' lang='lat' dir='ltr'>sit,</span> <span class='ocrx_word' id='word_1_502' title='bbox 1962 2782 2102 2847; x_wconf 85' lang='lat' dir='ltr'>quae</span> <span class='ocrx_word' id='word_1_503' title='bbox 2127 2765 2548 2826; x_wconf 86' lang='lat' dir='ltr'>reverentiam</span> <span class='ocrx_word' id='word_1_504' title='bbox 2573 2764 2878 2843; x_wconf 87' lang='lat' dir='ltr'>requirat.</span> 
     </span>
    </p>

    <p class='ocr_par' dir='ltr' id='par_1_12' title="bbox 1826 2858 3395 3572">
     <span class='ocr_line' id='line_1_82' title="bbox 1910 2858 3394 2937; baseline -0.001 -17"><span class='ocrx_word' id='word_1_505' title='bbox 1910 2862 1973 2921; x_wconf 75' lang='grc' dir='ltr'>ὃ.</span> <span class='ocrx_word' id='word_1_506' title='bbox 2016 2859 2164 2920; x_wconf 92' lang='lat' dir='ltr'>Dico</span> <span class='ocrx_word' id='word_1_507' title='bbox 2192 2863 2440 2937; x_wconf 88' lang='lat' dir='ltr'>quarto,</span> <span class='ocrx_word' id='word_1_508' title='bbox 2489 2876 2626 2919; x_wconf 88' lang='lat' dir='ltr'>esse</span> <span class='ocrx_word' id='word_1_509' title='bbox 2681 2858 2968 2921; x_wconf 87' lang='lat' dir='ltr'>naturale</span> <span class='ocrx_word' id='word_1_510' title='bbox 3001 2865 3066 2921; x_wconf 88' lang='lat' dir='ltr'>et</span> <span class='ocrx_word' id='word_1_511' title='bbox 3110 2858 3394 2922; x_wconf 83' lang='lat' dir='ltr'>divinum</span> 
     </span>
     <span class='ocr_line' id='line_1_83' title="bbox 1828 2952 3393 3033; baseline -0.001 -18"><span class='ocrx_word' id='word_1_512' title='bbox 1828 2956 2214 3033; x_wconf 80' lang='lat' dir='ltr'>praeceptum</span> <span class='ocrx_word' id='word_1_513' title='bbox 2260 2952 2550 3013; x_wconf 74' lang='lat' dir='ltr'>servandi</span> <span class='ocrx_word' id='word_1_514' title='bbox 2591 2954 2852 3015; x_wconf 88' lang='lat' dir='ltr'>modum</span> <span class='ocrx_word' id='word_1_515' title='bbox 2903 2952 3182 3015; x_wconf 88' lang='lat' dir='ltr'>debitum</span> <span class='ocrx_word' id='word_1_516' title='bbox 3227 2954 3393 3015; x_wconf 84' lang='lat' dir='ltr'>circa</span> 
     </span>
     <span class='ocr_line' id='line_1_84' title="bbox 1828 3045 3393 3125; baseline -0.001 -18"><span class='ocrx_word' id='word_1_517' title='bbox 1828 3048 1993 3108; x_wconf 88' lang='lat' dir='ltr'>hanc</span> <span class='ocrx_word' id='word_1_518' title='bbox 2041 3045 2384 3125; x_wconf 87' lang='lat' dir='ltr'>imaginum</span> <span class='ocrx_word' id='word_1_519' title='bbox 2428 3046 2878 3108; x_wconf 86' lang='lat' dir='ltr'>adorationem.</span> <span class='ocrx_word' id='word_1_520' title='bbox 2935 3046 3393 3109; x_wconf 85' lang='lat' dir='ltr'>Abstinendum</span> 
     </span>
     <span class='ocr_line' id='line_1_85' title="bbox 1829 3136 3390 3217; baseline -0.002 -16"><span class='ocrx_word' id='word_1_521' title='bbox 1829 3146 1923 3201; x_wconf 87' lang='lat' dir='ltr'>est</span> <span class='ocrx_word' id='word_1_522' title='bbox 1953 3139 2122 3199; x_wconf 90' lang='lat' dir='ltr'>enim</span> <span class='ocrx_word' id='word_1_523' title='bbox 2171 3136 2252 3197; x_wconf 90' lang='lat' dir='ltr'>ab</span> <span class='ocrx_word' id='word_1_524' title='bbox 2281 3138 2453 3198; x_wconf 89' lang='lat' dir='ltr'>omni</span> <span class='ocrx_word' id='word_1_525' title='bbox 2485 3138 2914 3217; x_wconf 85' lang='lat' dir='ltr'>superstitioso</span> <span class='ocrx_word' id='word_1_526' title='bbox 2946 3139 3140 3213; x_wconf 89' lang='lat' dir='ltr'>cultu,</span> <span class='ocrx_word' id='word_1_527' title='bbox 3180 3156 3390 3217; x_wconf 90' lang='lat' dir='ltr'>neque</span> 
     </span>
     <span class='ocr_line' id='line_1_86' title="bbox 1828 3226 3395 3310; baseline -0.001 -18"><span class='ocrx_word' id='word_1_528' title='bbox 1828 3232 1988 3293; x_wconf 82' lang='lat' dir='ltr'>alius</span> <span class='ocrx_word' id='word_1_529' title='bbox 2007 3230 2233 3291; x_wconf 89' lang='lat' dir='ltr'>modus</span> <span class='ocrx_word' id='word_1_530' title='bbox 2254 3226 2636 3293; x_wconf 77' lang='lat' dir='ltr'>adorationis</span> <span class='ocrx_word' id='word_1_531' title='bbox 2652 3232 2776 3293; x_wconf 90' lang='lat' dir='ltr'>illis</span> <span class='ocrx_word' id='word_1_532' title='bbox 2791 3231 3186 3306; x_wconf 75' lang='lat' dir='ltr'>tribuenduS,</span> <span class='ocrx_word' id='word_1_533' title='bbox 3203 3248 3395 3310; x_wconf 88' lang='lat' dir='ltr'>quam</span> 
     </span>
     <span class='ocr_line' id='line_1_87' title="bbox 1828 3324 3394 3386; baseline -0.001 0"><span class='ocrx_word' id='word_1_534' title='bbox 1828 3326 1908 3386; x_wconf 87' lang='lat' dir='ltr'>sit</span> <span class='ocrx_word' id='word_1_535' title='bbox 1955 3340 2172 3385; x_wconf 88' lang='lat' dir='ltr'>earum</span> <span class='ocrx_word' id='word_1_536' title='bbox 2208 3324 2584 3384; x_wconf 86' lang='lat' dir='ltr'>institutioni</span> <span class='ocrx_word' id='word_1_537' title='bbox 2630 3342 2743 3385; x_wconf 87' lang='lat' dir='ltr'>sen</span> <span class='ocrx_word' id='word_1_538' title='bbox 2779 3330 3022 3386; x_wconf 71' lang='lat' dir='ltr'>naturae</span> <span class='ocrx_word' id='word_1_539' title='bbox 3061 3329 3394 3385; x_wconf 84' lang='lat' dir='ltr'>consenta-</span> 
     </span>
     <span class='ocr_line' id='line_1_88' title="bbox 1826 3415 3392 3492; baseline -0.001 -13"><span class='ocrx_word' id='word_1_540' title='bbox 1826 3435 2010 3492; x_wconf 88' lang='lat' dir='ltr'>neus,</span> <span class='ocrx_word' id='word_1_541' title='bbox 2046 3416 2202 3477; x_wconf 85' lang='lat' dir='ltr'>alias</span> <span class='ocrx_word' id='word_1_542' title='bbox 2231 3415 2394 3478; x_wconf 88' lang='lat' dir='ltr'>actio</span> <span class='ocrx_word' id='word_1_543' title='bbox 2422 3416 2488 3476; x_wconf 91' lang='lat' dir='ltr'>in</span> <span class='ocrx_word' id='word_1_544' title='bbox 2533 3416 2902 3479; x_wconf 80' lang='lat' dir='ltr'>idololatriae</span> <span class='ocrx_word' id='word_1_545' title='bbox 2941 3417 3162 3479; x_wconf 86' lang='lat' dir='ltr'>vitium</span> <span class='ocrx_word' id='word_1_546' title='bbox 3207 3416 3392 3479; x_wconf 85' lang='lat' dir='ltr'>facile</span> 
     </span>
     <span class='ocr_line' id='line_1_89' title="bbox 1828 3510 2214 3572; baseline -0.008 0"><span class='ocrx_word' id='word_1_547' title='bbox 1828 3510 2214 3572; x_wconf 88' lang='lat' dir='ltr'>deflecteret.</span> 
     </span>
    </p>
   </div>
   <div class='ocr_carea' id='block_1_8' title="bbox 2419 3684 2799 3740">
    <p class='ocr_par' dir='ltr' id='par_1_13' title="bbox 2419 3684 2799 3740">
     <span class='ocr_line' id='line_1_90' title="bbox 2419 3684 2799 3740; baseline 0.008 -5"><span class='ocrx_word' id='word_1_548' title='bbox 2419 3684 2638 3740; x_wconf 74' lang='lat' dir='ltr'>smrlo</span> <span class='ocrx_word' id='word_1_549' title='bbox 2671 3685 2799 3739; x_wconf 84' lang='lat' dir='ltr'>vm.</span> 
     </span>
    </p>
   </div>
   <div class='ocr_carea' id='block_1_9' title="bbox 1826 3812 3393 3960">
    <p class='ocr_par' dir='ltr' id='par_1_14' title="bbox 1826 3812 3393 3960">
     <span class='ocr_line' id='line_1_91' title="bbox 1826 3812 3393 3891; baseline -0.004 -14"><span class='ocrx_word' id='word_1_550' title='bbox 1826 3819 2098 3887; x_wconf 82' lang='lat' dir='ltr'>Quantum</span> <span class='ocrx_word' id='word_1_551' title='bbox 2125 3818 2270 3875; x_wconf 83' lang='lat' dir='ltr'>inter</span> <span class='ocrx_word' id='word_1_552' title='bbox 2294 3816 2398 3875; x_wconf 80' lang='lat' dir='ltr'>hac</span> <span class='ocrx_word' id='word_1_553' title='bbox 2425 3816 2730 3891; x_wconf 58' lang='lat' dir='ltr'>imaginum</span> <span class='ocrx_word' id='word_1_554' title='bbox 2757 3816 3138 3874; x_wconf 79' lang='lat' dir='ltr'>adorationem</span> <span class='ocrx_word' id='word_1_555' title='bbox 3181 3819 3232 3871; x_wconf 86' lang='lat' dir='ltr'>et</span> <span class='ocrx_word' id='word_1_556' title='bbox 3269 3812 3393 3871; x_wconf 80' lang='lat' dir='ltr'>ido-</span> 
     </span>
     <span class='ocr_line' id='line_1_92' title="bbox 2269 3902 2957 3960; baseline 0 -1"><span class='ocrx_word' id='word_1_557' title='bbox 2269 3903 2452 3959; x_wconf 80' lang='lat' dir='ltr'>lorum</span> <span class='ocrx_word' id='word_1_558' title='bbox 2480 3903 2691 3960; x_wconf 83' lang='lat' dir='ltr'>cullum</span> <span class='ocrx_word' id='word_1_559' title='bbox 2719 3902 2957 3959; x_wconf 80' lang='lat' dir='ltr'>intersit.</span> 
     </span>
    </p>
   </div>
   <div class='ocr_carea' id='block_1_10' title="bbox 1822 4058 3430 5556">
    <p class='ocr_par' dir='ltr' id='par_1_15' title="bbox 1822 4058 3430 5556">
     <span class='ocr_line' id='line_1_93' title="bbox 1910 4058 3386 4156; baseline -0.005 -17"><span class='ocrx_word' id='word_1_560' title='bbox 1910 4080 1970 4139; x_wconf 79' lang='lat'>1.</span> <span class='ocrx_word' id='word_1_561' title='bbox 2015 4058 2332 4156; x_wconf 75' lang='lat' dir='ltr'>Explicata</span> <span class='ocrx_word' id='word_1_562' title='bbox 2373 4092 2524 4135; x_wconf 84' lang='lat' dir='ltr'>vera</span> <span class='ocrx_word' id='word_1_563' title='bbox 2570 4071 2922 4153; x_wconf 87' lang='lat' dir='ltr'>imaginum</span> <span class='ocrx_word' id='word_1_564' title='bbox 2979 4071 3342 4133; x_wconf 88' lang='lat' dir='ltr'>adoratione</span> <span class='ocrx_word' id='word_1_565' title='bbox 3370 4118 3386 4145; x_wconf 85' lang='lat'>,</span> 
     </span>
     <span class='ocr_line' id='line_1_94' title="bbox 1831 4165 3393 4250; baseline -0.004 -18"><span class='ocrx_word' id='word_1_566' title='bbox 1831 4188 2035 4250; x_wconf 82' lang='lat' dir='ltr'>operae</span> <span class='ocrx_word' id='word_1_567' title='bbox 2061 4169 2336 4249; x_wconf 85' lang='lat' dir='ltr'>pretium</span> <span class='ocrx_word' id='word_1_568' title='bbox 2362 4168 2478 4229; x_wconf 90' lang='lat' dir='ltr'>erit</span> <span class='ocrx_word' id='word_1_569' title='bbox 2501 4182 2816 4245; x_wconf 89' lang='lat' dir='ltr'>exponere</span> <span class='ocrx_word' id='word_1_570' title='bbox 2839 4184 3027 4246; x_wconf 89' lang='lat' dir='ltr'>quam</span> <span class='ocrx_word' id='word_1_571' title='bbox 3057 4165 3244 4244; x_wconf 87' lang='lat' dir='ltr'>longe</span> <span class='ocrx_word' id='word_1_572' title='bbox 3265 4166 3393 4227; x_wconf 89' lang='lat' dir='ltr'>dis-</span> 
     </span>
     <span class='ocr_line' id='line_1_95' title="bbox 1826 4258 3390 4338; baseline -0.002 -14"><span class='ocrx_word' id='word_1_573' title='bbox 1826 4270 1913 4324; x_wconf 89' lang='lat' dir='ltr'>tet</span> <span class='ocrx_word' id='word_1_574' title='bbox 1942 4282 1980 4324; x_wconf 88' lang='lat' dir='ltr'>a</span> <span class='ocrx_word' id='word_1_575' title='bbox 2015 4263 2168 4325; x_wconf 79' lang='lat' dir='ltr'>falso</span> <span class='ocrx_word' id='word_1_576' title='bbox 2205 4260 2518 4323; x_wconf 90' lang='lat' dir='ltr'>idolorum</span> <span class='ocrx_word' id='word_1_577' title='bbox 2553 4258 2748 4335; x_wconf 89' lang='lat' dir='ltr'>cultu,</span> <span class='ocrx_word' id='word_1_578' title='bbox 2781 4266 2849 4321; x_wconf 89' lang='lat' dir='ltr'>ut</span> <span class='ocrx_word' id='word_1_579' title='bbox 2893 4259 3064 4320; x_wconf 87' lang='lat' dir='ltr'>omni</span> <span class='ocrx_word' id='word_1_580' title='bbox 3104 4276 3179 4320; x_wconf 86' lang='lat' dir='ltr'>ex</span> <span class='ocrx_word' id='word_1_581' title='bbox 3210 4266 3390 4338; x_wconf 88' lang='lat' dir='ltr'>parte</span> 
     </span>
     <span class='ocr_line' id='line_1_96' title="bbox 1823 4352 3393 4432; baseline -0.002 -15"><span class='ocrx_word' id='word_1_582' title='bbox 1823 4354 2169 4418; x_wconf 84' lang='lat' dir='ltr'>infidelium</span> <span class='ocrx_word' id='word_1_583' title='bbox 2208 4361 2270 4418; x_wconf 83' lang='lat' dir='ltr'>et</span> <span class='ocrx_word' id='word_1_584' title='bbox 2297 4354 2731 4415; x_wconf 80' lang='lat' dir='ltr'>haereticorum</span> <span class='ocrx_word' id='word_1_585' title='bbox 2781 4352 3238 4432; x_wconf 85' lang='lat' dir='ltr'>objectionibus</span> <span class='ocrx_word' id='word_1_586' title='bbox 3294 4370 3393 4414; x_wconf 88' lang='lat' dir='ltr'>sa·</span> 
     </span>
     <span class='ocr_line' id='line_1_97' title="bbox 1822 4446 3392 4527; baseline -0.001 -16"><span class='ocrx_word' id='word_1_587' title='bbox 1822 4448 2225 4513; x_wconf 79' lang='lat' dir='ltr'>tisiaciamus.</span> <span class='ocrx_word' id='word_1_588' title='bbox 2283 4448 2374 4509; x_wconf 85' lang='lat' dir='ltr'>Illi</span> <span class='ocrx_word' id='word_1_589' title='bbox 2423 4448 2592 4510; x_wconf 91' lang='lat' dir='ltr'>enim</span> <span class='ocrx_word' id='word_1_590' title='bbox 2649 4447 2764 4526; x_wconf 88' lang='lat' dir='ltr'>(ut</span> <span class='ocrx_word' id='word_1_591' title='bbox 2813 4447 3008 4509; x_wconf 83' lang='lat' dir='ltr'>refert</span> <span class='ocrx_word' id='word_1_592' title='bbox 3056 4446 3392 4527; x_wconf 87' lang='lat' dir='ltr'>Gregorius</span> 
     </span>
     <span class='ocr_line' id='line_1_98' title="bbox 1823 4542 3390 4624; baseline -0.001 -20"><span class='ocrx_word' id='word_1_593' title='bbox 1823 4545 2013 4623; x_wconf 88' lang='lat' dir='ltr'>Papa,</span> <span class='ocrx_word' id='word_1_594' title='bbox 2047 4544 2226 4624; x_wconf 89' lang='lat' dir='ltr'>epist.</span> <span class='ocrx_word' id='word_1_595' title='bbox 2256 4542 2339 4603; x_wconf 89' lang='lat' dir='ltr'>ad</span> <span class='ocrx_word' id='word_1_596' title='bbox 2363 4542 2654 4605; x_wconf 85' lang='lat' dir='ltr'>German.</span> <span class='ocrx_word' id='word_1_597' title='bbox 2681 4542 3095 4616; x_wconf 68' lang='lat' dir='ltr'>Constantia„</span> <span class='ocrx_word' id='word_1_598' title='bbox 3120 4558 3259 4619; x_wconf 80' lang='lat' dir='ltr'>quae</span> <span class='ocrx_word' id='word_1_599' title='bbox 3281 4542 3390 4603; x_wconf 84' lang='lat' dir='ltr'>ha-</span> 
     </span>
     <span class='ocr_line' id='line_1_99' title="bbox 1822 4634 3430 4717; baseline -0.004 -18"><span class='ocrx_word' id='word_1_600' title='bbox 1822 4637 2010 4699; x_wconf 87' lang='lat' dir='ltr'>betur</span> <span class='ocrx_word' id='word_1_601' title='bbox 2035 4638 2100 4697; x_wconf 91' lang='lat' dir='ltr'>in</span> <span class='ocrx_word' id='word_1_602' title='bbox 2129 4638 2234 4698; x_wconf 87' lang='lat' dir='ltr'>VII</span> <span class='ocrx_word' id='word_1_603' title='bbox 2259 4636 2524 4717; x_wconf 67' lang='lat' dir='ltr'>Synod„</span> <span class='ocrx_word' id='word_1_604' title='bbox 2557 4642 2676 4697; x_wconf 89' lang='lat' dir='ltr'>act.</span> <span class='ocrx_word' id='word_1_605' title='bbox 2705 4634 2763 4715; x_wconf 76' lang='lat'>4)</span> <span class='ocrx_word' id='word_1_606' title='bbox 2792 4654 2916 4697; x_wconf 91' lang='lat' dir='ltr'>non</span> <span class='ocrx_word' id='word_1_607' title='bbox 2949 4640 3169 4713; x_wconf 88' lang='lat' dir='ltr'>putant</span> <span class='ocrx_word' id='word_1_608' title='bbox 3196 4650 3390 4694; x_wconf 85' lang='lat' dir='ltr'>excu-</span> <span class='ocrx_word' id='word_1_609' title='bbox 3417 4652 3430 4663; x_wconf 92' lang='lat'><strong>·</strong></span> 
     </span>
     <span class='ocr_line' id='line_1_100' title="bbox 1826 4726 3386 4793; baseline -0.004 0"><span class='ocrx_word' id='word_1_610' title='bbox 1826 4732 1949 4793; x_wconf 90' lang='lat' dir='ltr'>sari</span> <span class='ocrx_word' id='word_1_611' title='bbox 1991 4730 2332 4792; x_wconf 88' lang='lat' dir='ltr'>Ecclesiam</span> <span class='ocrx_word' id='word_1_612' title='bbox 2364 4729 2447 4790; x_wconf 88' lang='lat' dir='ltr'>ab</span> <span class='ocrx_word' id='word_1_613' title='bbox 2475 4728 2844 4791; x_wconf 76' lang='lat' dir='ltr'>idololatriae</span> <span class='ocrx_word' id='word_1_614' title='bbox 2873 4728 3022 4789; x_wconf 84' lang='lat' dir='ltr'>vitio</span> <span class='ocrx_word' id='word_1_615' title='bbox 3063 4726 3386 4788; x_wconf 90' lang='lat' dir='ltr'>adorando</span> 
     </span>
     <span class='ocr_line' id='line_1_101' title="bbox 1823 4821 3390 4902; baseline -0.002 -18"><span class='ocrx_word' id='word_1_616' title='bbox 1823 4823 2152 4902; x_wconf 61' lang='lat' dir='ltr'>imagines»,</span> <span class='ocrx_word' id='word_1_617' title='bbox 2207 4821 2456 4883; x_wconf 88' lang='lat' dir='ltr'>etiamsi</span> <span class='ocrx_word' id='word_1_618' title='bbox 2496 4822 2636 4884; x_wconf 85' lang='lat' dir='ltr'>illas</span> <span class='ocrx_word' id='word_1_619' title='bbox 2665 4825 2923 4901; x_wconf 90' lang='lat' dir='ltr'>propter</span> <span class='ocrx_word' id='word_1_620' title='bbox 2969 4822 3390 4881; x_wconf 83' lang='lat' dir='ltr'>extrinsecam</span> 
     </span>
     <span class='ocr_line' id='line_1_102' title="bbox 1826 4913 3385 4995; baseline -0.003 -18"><span class='ocrx_word' id='word_1_621' title='bbox 1826 4915 2259 4977; x_wconf 86' lang='lat' dir='ltr'>excellentiam</span> <span class='ocrx_word' id='word_1_622' title='bbox 2287 4915 2604 4995; x_wconf 83' lang='lat' dir='ltr'>prototypi</span> <span class='ocrx_word' id='word_1_623' title='bbox 2627 4914 2893 4975; x_wconf 87' lang='lat' dir='ltr'>adorare</span> <span class='ocrx_word' id='word_1_624' title='bbox 2921 4930 2987 4973; x_wconf 88' lang='lat' dir='ltr'>se</span> <span class='ocrx_word' id='word_1_625' title='bbox 3013 4913 3197 4974; x_wconf 87' lang='lat' dir='ltr'>dicat.</span> <span class='ocrx_word' id='word_1_626' title='bbox 3229 4913 3385 4975; x_wconf 90' lang='lat' dir='ltr'>Nam</span> 
     </span>
     <span class='ocr_line' id='line_1_103' title="bbox 1824 5004 3389 5089; baseline -0.003 -17"><span class='ocrx_word' id='word_1_627' title='bbox 1824 5010 2013 5072; x_wconf 85' lang='lat' dir='ltr'>etiam</span> <span class='ocrx_word' id='word_1_628' title='bbox 2049 5013 2269 5089; x_wconf 88' lang='lat' dir='ltr'>gentes</span> <span class='ocrx_word' id='word_1_629' title='bbox 2316 5006 2612 5068; x_wconf 81' lang='lat' dir='ltr'>dicebant</span> <span class='ocrx_word' id='word_1_630' title='bbox 2645 5024 2712 5067; x_wconf 88' lang='lat' dir='ltr'>se</span> <span class='ocrx_word' id='word_1_631' title='bbox 2758 5004 3025 5068; x_wconf 89' lang='lat' dir='ltr'>adorare</span> <span class='ocrx_word' id='word_1_632' title='bbox 3074 5004 3269 5081; x_wconf 88' lang='lat' dir='ltr'>idola,</span> <span class='ocrx_word' id='word_1_633' title='bbox 3320 5011 3389 5067; x_wconf 88' lang='lat' dir='ltr'>ut</span> 
     </span>
     <span class='ocr_line' id='line_1_104' title="bbox 1825 5100 3390 5181; baseline -0.003 -17"><span class='ocrx_word' id='word_1_634' title='bbox 1825 5102 2383 5164; x_wconf 88' lang='lat' dir='ltr'>eorumhominum</span> <span class='ocrx_word' id='word_1_635' title='bbox 2403 5100 2505 5161; x_wconf 86' lang='lat' dir='ltr'>vel</span> <span class='ocrx_word' id='word_1_636' title='bbox 2522 5100 2853 5180; x_wconf 88' lang='lat' dir='ltr'>spirituum</span> <span class='ocrx_word' id='word_1_637' title='bbox 2869 5100 3202 5181; x_wconf 78' lang='lat' dir='ltr'>imagineS,</span> <span class='ocrx_word' id='word_1_638' title='bbox 3227 5116 3390 5178; x_wconf 88' lang='lat' dir='ltr'>quos</span> 
     </span>
     <span class='ocr_line' id='line_1_105' title="bbox 1824 5192 3390 5270; baseline -0.003 -13"><span class='ocrx_word' id='word_1_639' title='bbox 1824 5196 1888 5257; x_wconf 91' lang='lat' dir='ltr'>in</span> <span class='ocrx_word' id='word_1_640' title='bbox 1936 5197 2178 5257; x_wconf 91' lang='lat' dir='ltr'>honore</span> <span class='ocrx_word' id='word_1_641' title='bbox 2219 5192 2568 5270; x_wconf 87' lang='lat' dir='ltr'>habebant,</span> <span class='ocrx_word' id='word_1_642' title='bbox 2601 5210 2727 5253; x_wconf 89' lang='lat' dir='ltr'>non</span> <span class='ocrx_word' id='word_1_643' title='bbox 2775 5198 2982 5254; x_wconf 89' lang='lat' dir='ltr'>tamen</span> <span class='ocrx_word' id='word_1_644' title='bbox 3032 5192 3262 5253; x_wconf 88' lang='lat' dir='ltr'>idcirco</span> <span class='ocrx_word' id='word_1_645' title='bbox 3307 5192 3390 5253; x_wconf 90' lang='lat' dir='ltr'>ab</span> 
     </span>
     <span class='ocr_line' id='line_1_106' title="bbox 1824 5288 3390 5369; baseline -0.003 -18"><span class='ocrx_word' id='word_1_646' title='bbox 1824 5288 2192 5353; x_wconf 73' lang='lat' dir='ltr'>idololatriae</span> <span class='ocrx_word' id='word_1_647' title='bbox 2221 5294 2478 5369; x_wconf 84' lang='lat' dir='ltr'>peccato</span> <span class='ocrx_word' id='word_1_648' title='bbox 2523 5292 2923 5349; x_wconf 70' lang='lat' dir='ltr'>excusantur.</span> <span class='ocrx_word' id='word_1_649' title='bbox 2979 5288 3390 5365; x_wconf 83' lang='lat' dir='ltr'>Assumptum</span> 
     </span>
     <span class='ocr_line' id='line_1_107' title="bbox 1824 5380 3383 5467; baseline -0.003 -19"><span class='ocrx_word' id='word_1_650' title='bbox 1824 5390 1996 5467; x_wconf 87' lang='lat' dir='ltr'>patet</span> <span class='ocrx_word' id='word_1_651' title='bbox 2024 5402 2101 5447; x_wconf 84' lang='lat' dir='ltr'>ex</span> <span class='ocrx_word' id='word_1_652' title='bbox 2129 5383 2388 5457; x_wconf 86' lang='lat' dir='ltr'>Euseb.,</span> <span class='ocrx_word' id='word_1_653' title='bbox 2419 5380 2527 5446; x_wconf 91' lang='lat' dir='ltr'>lib.</span> <span class='ocrx_word' id='word_1_654' title='bbox 2551 5384 2592 5446; x_wconf 90' lang='lat'>8</span> <span class='ocrx_word' id='word_1_655' title='bbox 2616 5382 2693 5445; x_wconf 93' lang='lat' dir='ltr'>de</span> <span class='ocrx_word' id='word_1_656' title='bbox 2723 5384 2992 5461; x_wconf 84' lang='lat' dir='ltr'>Praepar.</span> <span class='ocrx_word' id='word_1_657' title='bbox 3029 5382 3294 5458; x_wconf 66' lang='lat' dir='ltr'>Evang„</span> <span class='ocrx_word' id='word_1_658' title='bbox 3327 5399 3383 5443; x_wconf 89' lang='lat' dir='ltr'>c.</span> 
     </span>
     <span class='ocr_line' id='line_1_108' title="bbox 1826 5474 3386 5556; baseline -0.001 -13"><span class='ocrx_word' id='word_1_659' title='bbox 1826 5483 1888 5555; x_wconf 84' lang='lat'>3,</span> <span class='ocrx_word' id='word_1_660' title='bbox 1917 5479 2160 5543; x_wconf 85' lang='lat' dir='ltr'>dicente</span> <span class='ocrx_word' id='word_1_661' title='bbox 2185 5496 2202 5544; x_wconf 71' lang='grc' dir='ltr'><strong>ι</strong></span> <span class='ocrx_word' id='word_1_662' title='bbox 2234 5478 2516 5544; x_wconf 73' lang='lat' dir='ltr'>Aderant</span> <span class='ocrx_word' id='word_1_663' title='bbox 2535 5476 2722 5553; x_wconf 80' lang='lat' dir='ltr'>idola,</span> <span class='ocrx_word' id='word_1_664' title='bbox 2747 5480 2819 5541; x_wconf 73' lang='lat' dir='ltr'>ut</span> <span class='ocrx_word' id='word_1_665' title='bbox 2843 5474 3139 5556; x_wconf 67' lang='lat' dir='ltr'>imaaines</span> <span class='ocrx_word' id='word_1_666' title='bbox 3161 5492 3386 5555; x_wconf 77' lang='lat' dir='ltr'>eorum,</span> 
     </span>
    </p>
   </div>
   <div class='ocr_carea' id='block_1_11' title="bbox 3829 5636 3832 6136">
    <p class='ocr_par' dir='ltr' id='par_1_16' title="bbox 3829 5636 3832 6136">
     <span class='ocr_line' id='line_1_109' title="bbox 3829 5636 3832 6136; baseline 0 0"><span class='ocrx_word' id='word_1_667' title='bbox 3829 5636 3832 6136; x_wconf 95' lang='lat' dir='ltr'> </span> 
     </span>
    </p>
   </div>
  </div>
 </body>
</html>
