3892 6167
648 340 768 401 574-

644 464 785 507 rum
827 449 923 505 est
948 442 1029 505 de
1084 444 1339 523 propria
1378 450 1443 505 et:
1483 444 1771 507 absoluta
1798 442 2205 521 adorat-ione,

643 557 773 601 non
815 556 965 599 vero
994 538 1075 598 de
1118 538 1290 599 omni
1332 539 1706 617 respectiva,
1739 557 1853 619 per
1894 558 2084 619 quam
2115 540 2208 599 in·

642 632 897 695 terdum
928 632 1192 693 materia
1218 622 1600 693 adorationis
1640 640 1737 693 est
1774 640 2014 695 tantum
2047 633 2210 694 ima-

647 744 751 807 go,
772 726 871 786 vel
890 724 1299 803 reliquiae,vel
1326 726 1559 804 aliquid
1582 726 1964 805 hujusmodi,
1988 732 2051 787 et
2081 744 2207 787 non

645 837 942 899 persona.
970 820 1051 883 Ut
1078 836 1231 899 ergo
1276 818 1653 897 generaliter
1682 820 2040 897 loquamur,
2082 819 2205 881 dici

644 918 853 992 potest
879 912 1171 991 primaria
1206 912 1465 973 materia
1500 912 1885 974 adorationis
1936 912 2096 974 illud
2123 913 2206 975 ad

644 1005 814 1084 quod
848 1024 963 1085 per
988 1024 1057 1066 se
1087 1005 1291 1085 primo
1318 1005 1625 1083 dirigitur,
1658 1024 1769 1067 seu
1798 1007 1865 1066 in
1908 1023 2034 1085 quo
2081 1008 2204 1084 pri-

643 1100 845 1161 merio
878 1098 1039 1160 sistit
1075 1098 1337 1160 intentio
1378 1098 1720 1161 adorantis.
1774 1100 2208 1163 coadorantur

640 1211 791 1255 vero
827 1210 967 1273 quae
1000 1192 1088 1253 illi
1120 1192 1208 1254 rei
1234 1210 1347 1253 seu
1374 1210 1656 1272 personoe
1678 1194 2014 1273 conjuncta
2035 1198 2202 1269 sunt,

643 1292 713 1349 ut
740 1292 947 1365 partes
979 1285 1045 1347 in
1070 1290 1243 1358 toto:
1278 1304 1415 1364 quoe
1442 1304 1593 1348 vero
1634 1286 1809 1348 nullo
1838 1304 1917 1348 ex
1943 1286 2044 1348 his
2069 1304 2208 1347 mo-

642 1380 737 1440 dis
764 1379 1195 1440 adorationem
1230 1380 1597 1454 terminant,
1620 1398 1749 1441 non
1793 1388 2056 1460 possunt
2081 1380 2202 1443 dici

641 1472 914 1542 adorari,
944 1471 1065 1533 nisi
1092 1474 1351 1534 omnino
1382 1472 1663 1549 abusive,
1696 1479 1767 1535 ιιι
1794 1481 1909 1537 art.
1946 1476 1986 1536 3
2029 1479 2204 1553 pate·

638 1566 749 1628 bit.
773 1566 957 1630 Unde
1014 1568 1207 1629 etiam
1264 1566 1651 1645 intelligitur,
1684 1565 1853 1629 aliud
1884 1586 2026 1629 esse
2055 1567 2206 1629 ado·

638 1661 761 1721 rari
792 1661 911 1721 hoc
940 1666 1199 1740 propter
1236 1660 1415 1733 illud,
1445 1660 1617 1721 uliud
1664 1660 1913 1723 adorari
1967 1660 2088 1722 hoc
2136 1661 2202 1721 iu

640 1754 767 1815 illo.
803 1754 1077 1815 Primum
1130 1754 1299 1816 enim
1332 1755 1641 1816 rationem
1687 1755 2020 1817 formalem
2047 1754 2205 1815 indi-

640 1854 763 1925 cat,
796 1847 1143 1909 secundum
1182 1864 1331 1909 vero
1370 1846 1449 1908 ad
1498 1847 1829 1910 materiam
1880 1848 2198 1927 pertinet,

645 1946 961 2019 quatenus
1012 1958 1207 2001 unum
1256 1940 1323 2002 in
1372 1939 1497 2001 alio
1542 1940 1862 2014 adoratur,
1896 1946 1963 2001 nt
1993 1948 2202 2020 partes

638 2033 703 2093 in
734 2039 887 2107 toto,
930 2050 1207 2111 purpura
1240 2033 1303 2093 in
1335 2032 1713 2112 imperatore
1742 2052 1757 2106 ς
1811 2034 1982 2113 quod
2010 2036 2200 2096 etiam

636 2125 822 2187 variis
872 2127 1078 2187 modis
1116 2125 1364 2196 accidit,
1398 2142 1545 2187 nam
1584 2124 1805 2188 ordine
1840 2126 2204 2189 intentionis

634 2238 835 2299 perse
866 2219 1163 2281 adoratur
1190 2225 1391 2281 totum
1432 2220 1533 2280 vel
1568 2237 1865 2298 persona,
1896 2226 1960 2281 et
1989 2227 2200 2301 partes

634 2330 745 2375 seu
768 2317 970 2375 vestes
1002 2315 1062 2373 in
1088 2312 1219 2383 ille,
1260 2312 1361 2373 vel
1388 2330 1535 2373 cum
1562 2312 1699 2386 illa;
1730 2313 1952 2375 ordine
1985 2320 2198 2375 tamen

636 2407 1021 2469 executionis
1048 2406 1365 2467 interdum
1394 2407 1697 2468 adoratur
1716 2414 1913 2470 totum
1938 2407 2002 2469 in
2027 2414 2200 2487 parte

636 2518 747 2561 seu
772 2506 970 2574 veste,
1002 2506 1073 2561 nt
1094 2518 1239 2561 cuin
1272 2500 1467 2561 adoro
1490 2518 1829 2579 personam
1858 2502 2198 2562 osculando

635 2612 916 2667 manum,
938 2600 1049 2657 aut
1076 2594 1429 2655 vestimenti
1458 2594 1793 2657 fimbriam.
1828 2595 1978 2667 Ouae
2004 2596 2198 2657 varie·

632 2692 731 2749 tas
785 2706 913 2749 non
958 2687 1285 2765 distinguit
1328 2688 1573 2767 species
1612 2688 2020 2764 adorationis,
2048 2691 2196 2767 quia

632 2780 991 2861 hujusmodi
1012 2780 1255 2859 species
1274 2798 1352 2841 ex
1374 2780 1670 2857 primario
1700 2782 1930 2843 motivo
1957 2800 2072 2843 seu
2099 2784 2197 2843 in·-

632 2874 909 2937 tentione
964 2874 1273 2935 sumenda
1312 2881 1429 2948 est,
1464 2874 1646 2935 sicuti
1676 2890 1867 2953 supra
1896 2875 2190 2939 diximus·

710 2970 771 3031 3.
804 2966 1095 3031 Secundo
1122 2973 1369 3047 oportet
1397 2975 1616 3031 notare
1646 2968 1857 3031 varios
1888 2969 2194 3049 loquendi

632 3061 857 3123 modos
874 3060 1365 3139 Theologornm,
1391 3078 1536 3123 nam
1558 3061 1691 3123 fere
1720 3078 1943 3125 omnes
1967 3081 2198 3125 conve-

628 3152 813 3215 niunt
844 3153 1215 3215 affirmando
1244 3154 1557 3217 Christum
1588 3159 1659 3216 ut
1680 3155 2024 3232 hominem,
2053 3175 2198 3238 spe·

630 3246 929 3309 cilicative
956 3246 1296 3324 loquendo,
1328 3252 1395 3307 et
1422 3248 1873 3309 humanitatem
1908 3250 2050 3328 ejus
2077 3250 2194 3311 ali-

628 3356 755 3417 quo
785 3338 973 3401 modo
998 3340 1243 3401 adorari
1273 3338 1451 3401 latria
1482 3356 1497 3409 ς
1532 3340 1666 3403 lta-c
1696 3346 1791 3401 est
1814 3342 1986 3403 enim
2017 3360 2202 3405 mens

626 3434 701 3494 D.
730 3432 989 3493 Thomae
1018 3432 1157 3503 lucz
1186 3433 1307 3494 boc
1353 3434 1525 3493 enim
1554 3451 1745 3495 senen
1774 3434 1950 3505 dixit,
1983 3441 2100 3496 art.
2134 3438 2192 3511 t,

626 3530 945 3605 utramque
981 3524 1222 3589 Christi
1266 3531 1551 3587 naturam
1580 3543 1655 3589 σω
1694 3532 1873 3605 pario
1922 3544 2196 3607 pareone·

624 3636 753 3682 una
790 3620 1143 3681 adoratione
1166 3618 1307 3695 coli,
1338 3619 1639 3694 sentiens,
1674 3619 1846 3681 illam
1874 3619 2192 3683 adoratio-

623 3730 773 3773 nem
803 3712 1132 3791 complecti
1162 3710 1377 3791 aliquo
1410 3712 1597 3775 modo
1646 3717 1980 3795 utramque
2010 3722 2194 3779 natu-

623 3822 785 3878 ram,
810 3814 1068 3885 propter
1086 3797 1383 3867 unionem
1406 3806 1466 3867 in
1490 3807 1712 3869 eadem
1738 3826 2004 3887 persona
2034 3828 2196 3881 :un-

623 3899 705 3961 de
742 3906 859 3961 art.
898 3902 937 3962 2
984 3899 1327 3974 concludit,
1358 3917 1613 3961 carnem
1672 3901 1909 3965 unitam
1961 3905 2186 3980 Verbo,

622 3992 729 4054 illa
772 3992 1139 4055 adoratione
1177 3994 1399 4066 latriae,
1440 4012 1567 4073 qua
1600 3994 1875 4057 Verbum
1906 3998 2192 4061 incarna-

622 4092 757 4149 tum
788 4087 1033 4161 colitur,
1070 4088 1361 4163 adorari3
1390 4096 1451 4150 et
1498 4090 1559 4150 in
1610 4091 1835 4153 eadem
1878 4096 2190 4157 sententia

624 4188 721 4242 est
766 4180 1083 4261 Magister,
1117 4182 1179 4241 in
1216 4184 1277 4256 3,
1316 4182 1461 4245 dist.
1488 4186 1566 4255 93
1601 4200 1667 4245 et
1694 4184 1775 4245 ibi
1812 4186 2186 4262 Benevent„

623 4281 743 4335 art.
772 4277 831 4344 1,
862 4292 924 4352 q.
964 4278 991 4335 i
1027 4294 1044 4346 ;
1078 4274 1397 4344 Richard.,
1434 4283 1551 4337 art.
1588 4278 1649 4341 2.
1682 4296 1747 4356 q.
1784 4282 1811 4339 Ι
1846 4280 2090 4354 ;Scot.,
2121 4298 2184 4359 q.

624 4369 820 4439 unic„
848 4366 889 4449 ς
918 4368 1005 4429 De
1032 4368 1249 4438 tertio;
1281 4368 1525 4442 Patud„
1558 4386 1621 4447 q.
1653 4374 1711 4432 l.
1740 4370 1903 4431 circ-a
1949 4372 2185 4447 tinem3

623 4458 983 4529 Dur-andus,
1002 4459 1279 4533 Gabriel,
1304 4468 1366 4521 et
1390 4459 1613 4538 reliqui
1634 4480 1649 4533 ;
1682 4462 2015 4528 Marsilius.
2035 4484 2098 4545 q.
2121 4468 2184 4539 8,

623 4556 741 4612 art.
772 4550 841 4624 2;
882 4552 1119 4622 Aleae„
1151 4553 1189 4615 3
1222 4568 1313 4635 p.,
1344 4570 1405 4630 q.
1458 4553 1571 4627 30,
1616 4556 1847 4617 memb.
1894 4559 1966 4633 23
2018 4559 2188 4620 Wal-

620 4642 829 4721 denS„
860 4645 971 4725 qui
1012 4645 1137 4706 hoc
1168 4652 1343 4723 putat
1370 4645 1452 4705 ad
1484 4646 1625 4706 fidei
1666 4648 1964 4727 dogmata
1995 4654 2187 4730 perti-

620 4754 797 4808 nere,
828 4744 977 4799 tom.
1011 4740 1050 4800 3
1079 4738 1160 4799 de
1188 4738 1599 4812 Sacmment„
1626 4758 1764 4819 cap.
1792 4745 1930 4805 119,
1963 4745 2032 4806 In
2053 4764 2186 4807 mo-

620 4830 703 4891 do
724 4836 938 4891 autem
960 4830 1315 4909 explicandi
1334 4831 1499 4893 hanc
1521 4835 1891 4897 sententiam
1916 4844 2013 4898 est
2029 4856 2184 4900 non-

620 4924 790 4983 nulla
814 4924 1167 4984 diversitas.
1200 4924 1535 4985 Durandns
1562 4926 1757 4997 enim,
1790 4946 2004 5007 supra,
2031 4948 2096 5009 q.
2117 4936 2182 5002 2,

620 5014 771 5077 dicit
798 5014 1253 5078 humanitatem
1278 5015 1500 5079 Clu-isti
1536 5022 1740 5081 solnm
1760 5038 1875 5101 per
1890 5022 2190 5085 accidens

620 5107 869 5169 adorari
898 5109 1100 5180 latria,
1134 5112 1241 5188 qui
1271 5108 1537 5172 fortasse
1568 5112 1729 5174 in-re
1765 5130 1889 5176 non
1916 5100 2212 5178 multum‘

618 5200 823 5262 diflert
846 5218 884 5261 u
909 5201 1163 5280 reliquis
1194 5226 1210 5276 ς
1242 5200 1469 5265 modus
1488 5212 1697 5265 tamen
1729 5205 2033 5285 loquendi
2059 5212 2184 5271 sin·

618 5296 861 5373 gularis
888 5300 1067 5357 estet
1108 5296 1423 5359 vitandus.
1482 5298 1731 5361 Gabriel
1776 5320 1925 5363 vero
1965 5322 2178 5383 supra,

619 5395 685 5451 et
734 5386 880 5453 leot.
935 5389 1017 5454 49
1044 5396 1107 5455 et
1140 5388 1223 5454 50
1268 5391 1333 5455 in
1372 5392 1569 5464 Can„
1606 5392 1936 5477 distinguit
1977 5396 2182 5479 dupli-

618 5498 757 5547 cem
795 5483 1111 5548 ·latriam:
1180 5484 1371 5547 aliam
1430 5486 1795 5567 simpliciter
1840 5506 1954 5553 seu
1997 5490 2178 5556 abeo-

1878 336 2114 409 QUAEST.
2149 344 2298 399 xXV.
2333 346 2538 400 Anne.
2571 348 2635 399 lt.

2289 445 2509 516 lutam,
2543 458 2736 525 quam
2757 444 2952 522 negat
2995 442 3440 507 communicari
3473 449 3582 511 ullo
3613 459 3748 521 modo

2289 537 2708 611 humanitati3
2749 537 2937 597 aliam
2990 553 3140 597 vero
3187 539 3520 601 secuudum
3555 546 3750 622 qaid‚et

2289 630 2727 710 respectivam,
2760 645 2952 707 quam
2981 628 3367 691 conceditad
3394 632 3748 707 humanitatem

2290 723 2638 786 terminari.
2687 721 2846 794 Quia
2881 740 3028 783 vero
3063 723 3198 785 hoec
3245 728 3542 789 sententia
3577 731 3748 799 videtur

2289 816 2474 877 dictis
2495 816 2868 879 Sanctorum
2887 814 3224 891 contrarie,
3255 816 3400 879 ideo
3423 820 3518 883 alii
3539 828 3746 891 eamdem

2284 908 2418 971 fere
2455 924 2593 971 rem
2619 907 2759 971 aliis
2788 907 2995 969 verbis
3023 909 3358 987 explicant,
3389 911 3748 994 distinguentes

2283 1002 2598 1083 duplicem
2638 1001 2908 1071 latriam,
2939 1002 3358 1080 superiorem,
3389 1021 3559 1083 quam
3585 1026 3750 1087 aemi

2287 1095 2686 1157 tribuendam
2717 1112 2856 1157 esse
2887 1094 3308 1173 humanitati3
3339 1106 3402 1159 et
3431 1098 3748 1175 inferiorem,

2285 1204 2412 1267 qua
2441 1188 2742 1252 adoratur
2767 1188 2872 1249 bic
2907 1189 3098 1251 bomo
3119 1188 3398 1253 Christus
3423 1200 3640 1273 propter
3657 1218 3750 1277 gra.

2284 1284 2438 1345 tiam
2469 1282 2740 1355 unionis,
2761 1288 2824 1343 ct
2849 1289 3318 1361 consequenter
3333 1284 3601 1349 adoratur
3621 1293 3748 1355 etiam

2285 1374 2424 1439 haec
2461 1375 2822 1437 humanitus
2845 1381 3106 1455 propter
3157 1376 3538 1441 divinitatem
3559 1382 3628 1445 illi
3663 1389 3752 1449 nni-

2285 1476 2434 1531 tam.
2477 1471 2651 1531 Hanc
2683 1486 2834 1531 vero
2853 1468 3170 1548 duplicem
3191 1470 3458 1547 latriam,
3478 1493 3750 1557 quanquam

2287 1562 2498 1643 specie
2543 1563 2796 1625 differre
2841 1562 3073 1635 dicant,
3106 1562 3508 1627 nihilominus
3545 1584 3752 1637 asserunt

2283 1656 2650 1735 simpliciter
2671 1662 2738 1717 et
2764 1655 3104 1719 univocein
3125 1657 3376 1719 ratione
3404 1660 3577 1721 latr-ite
3597 1680 3750 1727 eome-

2283 1750 2446 1824 nire,
2477 1766 2626 1809 nam
2679 1753 2946 1827 utraque
2983 1757 3204 1811 manat
3229 1752 3320 1811 ab
3351 1752 3556 1815 eadem
3595 1758 3750 1821 virtute

2282 1842 2630 1921 religionis,
2661 1849 2723 1905 et
2753 1848 3018 1920 utraque
3053 1844 3120 1905 in
3151 1844 3518 1929 excellentia
3551 1850 3748 1913 increata

2281 1936 2604 2011 fundatur,
2657 1936 2804 1997 licet
2857 1934 3104 1997 diverso
3145 1938 3382 2002 modo:
3417 1939 3588 2001 ultera
3633 1946 3748 2006 enim

2281 2029 2540 2108 respicit
2565 2029 3004 2091 excellentiam
3045 2030 3332 2093 divinam
3359 2036 3746 2103 secunduma:

2284 2122 2505 2194 alteru,
2540 2128 2608 2185 ut
2647 2123 3050 2201 conjunctam
3105 2125 3512 2202 humanitati,
3535 2128 3746 2210 illamque

2283 2215 2798 2277 sanctificantem.
2835 2215 3014 2287 Quod
3037 2219 3190 2283 satie
3221 2219 3469 2297 quidem
3487 2230 3584 2297 est,
3601 2231 3746 2286 utuna

2282 2308 2362 2369 sit
2395 2308 2519 2369 alia
2549 2307 2908 2387 perfectior,
2937 2326 3068 2369 non
3095 2328 3252 2371 vero
3285 2316 3357 2371 ut
3384 2312 3572 2390 aliqua
3599 2333 3744 2379 earnm

2281 2402 2624 2481 improprie
2675 2408 2920 2465 tantum
2973 2404 3072 2465 vel
3111 2405 3444 2483 analogice
3489 2410 3560 2469 sit
3605 2410 3742 2471 latria.

2281 2496 2610 2571 Quocirca,
2645 2496 2902 2575 quando
2951 2496 3232 2559 Conciti&
3277 2503 3342 2560 et
3385 2501 3574 2561 Sancti
3603 2503 3744 2565 dicunt

2277 2588 2738 2651 humanitatem
2777 2589 3027 2652 adorari
3057 2608 3186 2655 unu
3229 2593 3410 2655 latria
3435 2614 3565 2656 cum
3586 2598 3740 2671 Verbo,

2277 2682 2672 2763 intelligendi
2699 2690 2868 2757 eunt,
2894 2683 3071 2763 juxte
3095 2687 3474 2749 sententiam
3495 2690 3642 2763 banc,
3661 2708 3740 2749 non

2275 2775 2356 2837 de
2379 2778 2551 2837 omni
2558 2818 2578 2850 ,
2601 2777 2714 2839 sed
2741 2776 2822 2838 de
2845 2776 3060 2856 aliqua
3091 2778 3308 2851 latria,
3339 2798 3532 2861 neque
3551 2782 3616 2844 de
3635 2802 3740 2843 sum-

2274 2888 2404 2944 ma,
2435 2870 2549 2931 sed
2593 2870 2674 2935 de
2719 2872 2934 2950 aliqua
2981 2874 3198 2935 minus
3237 2876 3526 2956 perfecta,
3546 2881 3742 2957 quamvis

2277 2982 2426 3025 vera
2453 2968 2520 3025 et:
2567 2966 2842 3044 propria.
2883 2968 3029 3029 Haec
3083 2971 3400 3032 sententia
3441 2978 3524 3033 αι
3561 2972 3742 3034 fortasse

2277 3057 2642 3137 probabilia,
2673 3066 2888 3121 tamen
2909 3062 3004 3139 (nt
3024 3063 3348 3141 existimo)
3377 3066 3600 3144 proprio
3615 3072 3662 3125 et
3679 3083 3744 3125 ve·

2273 3170 2347 3213 ro
2375 3152 2586 3214 sensui
2634 3153 3048 3217 Concitiorum
3075 3162 3141 3217 et
3187 3158 3544 3220 Sanctorum
3565 3178 3660 3221 non
3679 3178 3740 3219 sat

2275 3245 2526 3308 tisfacit.

2357 3344 2420 3402 4.
2468 3342 2618 3403 Dico
2649 3359 2800 3419 ergo
2829 3346 3076 3423 primo:
3107 3347 3340 3408 eadem
3369 3364 3622 3427 suprema
3646 3347 3738 3407 ado-

2277 3437 2522 3497 ratione
2579 3453 2702 3515 qua
2751 3438 3052 3499 adoratur
3089 3441 3376 3502 Verbum
3418 3442 3734 3505 incarnatum.

2276 3531 2363 3592 ita
2393 3533 2580 3593 etiam
2609 3532 2912 3595 adoretur
2931 3532 3028 3594 hic
3069 3535 3268 3595 homo
3293 3535 3571 3608 Christus,
3609 3541 3656 3594 ut
3687 3534 3736 3593 si·

2273 3627 2405 3687 mul
2435 3626 2805 3689 coadoretur
2819 3629 2960 3706 ejus
2989 3629 3371 3691 humanitas,
3403 3628 3470 3689 Et
3493 3629 3594 3688 boc
3609 3644 3736 3687 sensu

2273 3718 2393 3781 dici
2437 3724 2640 3799 potest
2667 3719 2776 3781 illa
2809 3722 3178 3783 adoratione
3230 3723 3478 3784 adorari
3515 3721 3732 3789 Chunus,

2273 3816 2462 3875 etiam
2492 3821 2560 3877 ut
2610 3815 2825 3889 homo,
2871 3814 3312 3893 specificative.
3343 3815 3508 3877 Hanc
3535 3814 3736 3873 existima

2275 3926 2416 3969 esee
2443 3916 2720 3970 mentem
2747 3910 2820 3969 D.
2853 3911 3074 3971 Tbom.
3099 3910 3230 3985 hic,
3255 3918 3320 3971 et
3339 3916 3647 3971 sanctorum
3663 3908 3738 3965 Pa-

2274 4007 2460 4074 trum,
2497 4004 2610 4081 qui
2653 4020 2730 4063 ex
2760 4004 2994 4065 unione
3045 4003 3461 4077 substantiali,
3503 4020 3606 4081 qna
3639 4018 3736 4059 earo

2272 4102 2368 4156 eet
2393 4096 2568 4155 uuita
2605 4096 2806 4157 Verbo
2827 4097 2908 4158 ed
2937 4098 3438 4175 componendam
3465 4112 3621 4156 unam
3644 4108 3735 4171 per-

2271 4206 2516 4260 sonam,
2555 4190 2848 4251 effectum
2875 4208 3018 4251 esse
3045 4190 3288 4263 dicunt,
3323 4198 3387 4251 ut
3413 4188 3602 4250 eadem
3629 4184 3734 4245 ado·

2269 4289 2536 4355 ratione,
2555 4301 2682 4362 qua
2705 4284 3004 4345 adoratur
3027 4302 3325 4364 persona,
3341 4283 3540 4346 coede:
3553 4290 3657 4342 etur
3669 4297 3734 4339 ca·

2269 4392 2342 4435 ro
2367 4376 2504 4455 ejus
2529 4394 2546 4447 ;
2581 4378 2748 4438 unde
2777 4386 2997 4458 aperte
3021 4376 3322 4439 videntur
3347 4378 3504 4457 loqui
3537 4376 3602 4437 de
3635 4391 3732 4453 per-

2266 4468 2428 4529 fecta
2457 4468 2663 4540 latria,
2691 4471 2862 4533 etde
2881 4471 3254 4533 adoratione
3282 4488 3421 4550 qum
3442 4470 3500 4532 in
3525 4464 3731 4530 humani·

2266 4566 2462 4625 tatem
2501 4563 2714 4643 aliquo
2757 4564 2946 4625 modo
2975 4566 3304 4627 redundat.
3355 4566 3450 4628 Sic
3487 4566 3728 4624 Damasce-

2271 4674 2412 4730 ιιιιε,
2444 4656 2554 4718 lib.
2581 4661 2644 4725 3,
2671 4676 2726 4719 c.
2759 4662 2824 4729 8,
2859 4663 2922 4719 et
2947 4658 3058 4719 lib.
3089 4661 3154 4725 t,
3183 4678 3242 4721 c.
3288 4661 3348 4733 3,
3377 4658 3512 4719 dicit
3547 4670 3722 4717 carnem

2267 4766 2379 4827 per
2433 4766 2502 4810 se
2555 4768 2698 4812 esse
2719 4750 3222 4824 inadorabilem3
3262 4759 3344 4814 ut·
3365 4752 3545 4811 Verbo
3581 4754 3722 4807 autem

2266 4841 2690 4919 conjunctam,
2721 4843 2910 4903 simul
2955 4844 3183 4906 eadem
3231 4844 3570 4905 adoratione
3607 4838 3720 4901 coli:

2266 4932 2416 4997 Nm·
2451 4939 2630 5007 enim.
2661 4936 2884 5015 inquit,
2927 4954 3168 4999 caraem
3204 4939 3424 4999 nutam
3463 4937 3722 4999 adoram,

2265 5029 2372 5088 scd
2411 5047 2648 5090 emen
2690 5032 2836 5103 Dei,
2865 5029 2937 5093 id
2969 5038 3084 5107 wc,
3111 5034 3486 5093 incarnatum
3525 5024 3722 5092 Vera-n.

2267 5116 2434 5180 Idem
2481 5122 2707 5200 repetit
2733 5125 3018 5185 oratione
3063 5125 3260 5202 prima
3303 5120 3384 5184 de
3409 5120 3718 5197 imaginihus,

2265 5214 2327 5273 in
2361 5217 2702 5295 principi03
2735 5224 2798 5279 et
2839 5220 3146 5280 rationem
3197 5216 3416 5287 reddit,
3461 5214 3583 5294 qaia
3619 5224 3720 5271 earo

2263 5306 2431 5369 idem
2458 5310 2680 5371 efferta
2707 5316 2801 5373 est
2843 5330 2986 5373 cum
3017 5310 3242 5387 Verbo,
3291 5319 3582 5392 quantum,
3607 5302 3724 5365 scili·

2261 5409 2382 5477 cet,
2409 5403 2490 5465 ad
2507 5421 2842 5483 personam
2867 5407 3110 5473 attinet.
3137 5406 3287 5470 Hinc
3301 5406 3718 5487 chrysostomus,

2261 5493 2430 5561 hom.
2459 5498 2504 5561 5
2531 5514 2726 5579 super
2749 5500 2930 5581 epist.
2981 5500 3066 5562 ad
3121 5500 3404 5565 Hebraea
3433 5516 3446 5559 :
3496 5495 3572 5560 Be
3597 5504 3714 5555 rm,
