3892 6167
496 292 578 352 40

497 396 734 459 infusas
751 440 772 471 ,
825 395 973 476 quia
1031 396 1524 478 unumquodque
1571 397 1888 478 singulare
1941 417 2058 478 per

494 489 815 574 propriam
854 490 1132 570 speciem
1189 494 1586 572 cognoscitur
1635 493 1907 556 naturali
1952 511 2056 554 co-

497 583 819 666 gnitione3
849 589 912 645 et
936 583 1056 647 hoc
1081 602 1159 646 ex
1187 590 1364 665 parte
1395 587 1582 648 sentit
1608 588 1680 648 D.
1709 587 1961 662 Thom„
1988 587 2049 650 d.

481 681 602 750 14,
631 695 694 754 q.
725 679 785 750 1,
812 681 930 739 art.
961 679 1021 751 3,
1072 696 1135 758 q.
1171 681 1232 749 1,
1281 683 1344 740 et
1372 697 1432 760 q
1465 682 1543 742 20
1573 680 1653 741 de
1681 680 1901 755 Verit„
1931 688 2049 741 art.

497 771 558 833 6.
597 770 887 833 Secundo
938 771 1124 834 infert
1169 773 1333 835 Scot.
1379 791 1504 833 non
1535 791 1721 853 posse
1749 773 2057 882 perhanc

499 865 822 928 scientiam
845 868 1142 950 cognosci
1167 885 1269 928 res
1294 867 1653 944 existenteS,
1675 875 1745 932 ut
1771 869 1882 942 sic,
1903 869 2053 949 quia

499 957 746 1038 species
791 958 998 1020 infusa
1025 959 1453 1023 indifferenter
1476 969 1888 1043 repraesentat
1914 982 2050 1026 rem

500 1051 873 1114 existentem
925 1058 985 1114 et
1011 1071 1139 1114 non
1171 1053 1581 1134 existentem;
1609 1074 1738 1116 non
1769 1073 1920 1138 ergo
1947 1075 2057 1138 po·

499 1150 622 1207 test
645 1162 784 1207 esse
811 1145 1185 1226 principium
1206 1149 1651 1230 cognoscendi,
1669 1168 1782 1213 seu
1805 1151 2055 1213 intuen-

497 1236 564 1300 di
593 1255 726 1300 rem
754 1239 1144 1302 existentem.

577 1331 641 1395 3.
687 1331 837 1394 Dico
868 1339 1078 1394 tamen
1107 1333 1305 1413 primo
1333 1381 1349 1409 ,
1387 1337 1659 1400 animam
1695 1338 1917 1402 Christi
1943 1357 2058 1420 per

495 1423 662 1488 hanc
689 1426 1011 1487 scientiam
1043 1428 1408 1508 cognovisse
1437 1448 1660 1494 omnes
1680 1450 1784 1494 res
1808 1439 2057 1495 natura-

492 1517 590 1580 les
619 1535 776 1598 quas
803 1519 1030 1602 Angeli
1055 1529 1444 1600 cognoscunt
1473 1541 1586 1604 per
1620 1524 1864 1604 species
1893 1525 2059 1587 indi-

493 1619 593 1676 tas
619 1661 634 1686 ,
667 1611 835 1674 unde
863 1631 966 1674 res
995 1613 1115 1676 illas
1144 1613 1261 1676 sub
1294 1615 1540 1696 objecto
1567 1617 1756 1698 hujus
1783 1619 2058 1682 scientiae

496 1705 1138 1786 comprehenduntur.
1164 1709 1311 1770 Haec
1335 1715 1433 1772 est
1458 1713 1766 1775 sententia
1800 1714 1873 1776 D.
1898 1713 2058 1774 Tho·

494 1815 613 1860 mae
661 1797 788 1872 hic,
820 1805 883 1860 et:
908 1800 1042 1863 fere
1072 1802 1350 1864 omnium
1380 1803 1487 1880 qui
1522 1804 1857 1867 admittunt
1895 1807 2059 1868 hanc

494 1891 822 1955 scientiam
869 1912 983 1974 per
1013 1913 1081 1956 se
1131 1893 1406 1956 infusam
1434 1947 1448 1971 ,
1483 1915 1642 1975 quos
1673 1899 1903 1979 disput.
1937 1901 2017 1962 25
2038 1945 2053 1974 ‚

493 1991 645 2048 sect.
683 1988 743 2058 8,
779 1987 984 2047 citavi.
1019 1988 1440 2068 Congruentia
1491 2009 1628 2052 esse
1659 1999 1883 2071 potest,
1915 1994 2062 2072 quia

491 2079 758 2142 decebat
783 2081 1057 2142 animam
1081 2080 1325 2157 Christi,
1348 2103 1474 2144 non
1509 2085 1710 2146 solum
1743 2086 1805 2146 in
1833 2086 2060 2156 Verbo,

492 2171 606 2234 sed
637 2172 825 2234 etiam
852 2173 914 2233 in
949 2175 1200 2254 proprio
1231 2195 1489 2256 genere,
1517 2178 1720 2241 altiori
1747 2180 1936 2241 modo
1961 2199 2065 2240 co-

493 2283 800 2348 gnoscere
847 2286 950 2328 res
999 2286 1218 2330 omnes
1265 2271 1617 2347 naturaleS,
1662 2291 1852 2352 quam
1887 2274 2057 2352 ipsos

493 2360 806 2440 Angelos;
859 2361 908 2422 si
942 2367 1154 2424 autem
1197 2363 1400 2424 solum
1433 2384 1546 2444 per
1583 2367 1910 2429 scientiam
1952 2387 2056 2430 ac·-

409 2447 411 2449 ’
493 2452 782 2530 quisitam
821 2471 932 2515 seu
966 2455 1235 2516 infusam
1272 2475 1386 2536 per
1433 2459 1768 2537 accidens,
1801 2459 1905 2522 illa
1947 2480 2054 2523 co-

493 2546 832 2625 gnovisset,
867 2547 1001 2609 siue
1044 2548 1237 2611 dubio
1283 2550 1802 2628 imperfectiorem
1855 2555 2055 2617 scien-

491 2637 646 2699 tiam
677 2639 924 2701 illorum
947 2641 1297 2717 habuisset,
1325 2643 1473 2723 quia
1503 2643 1606 2704 illa
1639 2645 1898 2708 scientia
1929 2666 2059 2708 non

492 2733 1038 2814 transgrederetur
1075 2733 1528 2814 perfectionem
1576 2737 1874 2816 scientiae,
1917 2759 2058 2821 quas

491 2840 610 2902 per
655 2823 819 2886 vires
875 2826 1196 2888 naturales
1245 2827 1504 2888 humani
1555 2829 1788 2910 ingenii
1821 2833 2059 2913 acquiri

491 2921 736 2995 potest3
766 2917 899 2980 haec
943 2926 1152 2981 autem
1174 2965 1192 2995 ,
1237 2923 1640 2999 quantumvis
1675 2925 1955 3004 perfecta
1984 2927 2063 2988 sit

493 3008 559 3069 in
608 3027 724 3070 sua
769 3011 1001 3090 specie,
1048 3011 1311 3074 inferior
1361 3021 1456 3076 est
1502 3016 1770 3078 naturali
1800 3019 2061 3082 scientia

495 3103 803 3182 angelica,
855 3103 1016 3167 sicut
1065 3105 1422 3169 intellectus
1483 3110 1786 3174 naturalis
1838 3113 2062 3175 Christi

493 3194 704 3256 minus
723 3195 1036 3274 perfectus
1064 3205 1158 3261 est
1183 3201 1355 3262 omni
1381 3200 1702 3265 intellectu
1736 3206 2055 3285 angelico;

497 3305 670 3368 ergo.
693 3289 872 3351 Ratio
901 3309 1051 3352 vero
1082 3293 1332 3372 propria
1364 3301 1425 3356 et
1455 3297 1634 3376 quasi
1659 3297 1918 3378 physica
1937 3305 2059 3375 est,

494 3381 666 3461 quia,
694 3380 835 3445 licet
857 3383 1073 3446 lumen
1097 3386 1410 3448 inferioris
1433 3389 1669 3451 ordinis
1691 3393 2061 3456 terminetur

467 3472 578 3534 ad
607 3493 712 3538 res
738 3475 1088 3552 inferiores,
1115 3497 1237 3541 nec
1269 3481 1465 3560 possit
1495 3481 1577 3542 ad
1605 3485 1927 3564 superiora
1960 3505 2059 3550 ex-

494 3567 668 3629 tendi
690 3615 706 3643 ,
739 3571 886 3648 quia
928 3572 1377 3651 perfectionem
1412 3575 1550 3654 ejus
1595 3586 1935 3658 superant,
1964 3587 2059 3643 ta-

493 3677 642 3723 men
671 3663 882 3728 lumen
916 3665 1256 3744 superioris
1283 3668 1520 3730 ordinis
1547 3688 1676 3730 non
1719 3672 1917 3748 solum
1950 3694 2058 3735 su·

493 3755 768 3835 perior-a,
798 3757 911 3818 sed
940 3759 1130 3820 etiam
1171 3758 1492 3835 inferiora,
1522 3764 1640 3824 sub
1669 3766 1913 3845 obJecto
1943 3785 2058 3828 suo

497 3848 824 3929 complecti
856 3855 1082 3930 potest,
1101 3852 1252 3930 quia
1265 3853 1484 3928 virtus,
1509 3874 1633 3936 quo
1656 3859 1963 3938 superior,
1984 3877 2058 3920 eo

494 3941 930 4018 universalior,
975 3951 1038 4006 et
1070 3947 1218 4026 quia
1252 3947 1551 4010 inferiora
1583 3969 1709 4012 non
1749 3952 2062 4014 excedunt

497 4035 789 4098 virtutem
811 4040 1172 4118 superioris,
1196 4048 1257 4104 et
1275 4049 1540 4124 possunt
1563 4043 1852 4108 nobiliori
1871 4045 2060 4108 modo

495 4125 753 4208 atting13
781 4133 1140 4214 exemplum
1171 4140 1266 4196 est
1300 4137 1362 4197 in
1393 4137 1711 4200 intellectu
1739 4143 1802 4201 et
1826 4158 2057 4214 sensu;

496 4237 648 4300 crgo
679 4221 894 4286 lumen
923 4227 1199 4289 scientiae
1225 4227 1476 4307 int'usae,
1505 4231 1674 4310 quod
1703 4238 1800 4294 est
1822 4233 2061 4296 ordinis

496 4314 840 4395 superioris
860 4319 949 4394 (ut
977 4318 1140 4380 infra
1170 4321 1456 4398 dicetur),
1479 4330 1682 4402 potest
1703 4324 1820 4385 sub
1848 4326 2061 4406 objec-

495 4411 563 4469 to
604 4423 746 4483 suc,
784 4426 914 4469 non
963 4412 1166 4473 solum
1215 4431 1316 4474 res
1370 4417 1898 4494 supernaturales,
1949 4419 2062 4482 sed

498 4499 690 4562 etiam
729 4502 1048 4566 naturales
1083 4505 1656 4586 comprehendere,
1691 4511 2061 4592 attingendo

495 4589 614 4654 has
639 4592 930 4657 nobiliori
955 4597 1166 4662 modo.

577 4687 640 4747 4.
681 4687 968 4752 Dubium.
973 4693 1130 4753 -Et
1158 4691 1303 4755 hinc
1331 4693 1512 4758 facile
1535 4695 1893 4760 dissolvitur
1917 4697 2058 4760 fun-

497 4777 862 4841 <lamentum
889 4783 1056 4844 Scoti
1081 4791 1142 4847 et
1167 4787 1463 4863 Durandi,
1487 4792 1619 4870 qui,
1647 4809 1723 4852 ex
1747 4809 1824 4852 eo
1854 4791 2057 4853 solum

495 4869 668 4950 quod
707 4871 1023 4952 objectum
1069 4881 1394 4943 materiale
1435 4882 1602 4945 idem
1633 4889 1749 4957 est,
1781 4883 2058 4946 inferunt

497 4963 821 5025 scientiam
869 4967 1006 5048 ejus
1061 4989 1200 5033 esse
1247 4973 1532 5052 ejusdem
1577 4977 1865 5050 rationis;
1914 4995 2057 5057 quae

497 5059 859 5120 consecutio
903 5063 1134 5125 nullius
1174 5073 1475 5130 momenti
1503 5077 1626 5148 θεὶς
1659 5078 1859 5150 potest
1890 5072 2057 5132 onim

499 5145 722 5213 eadem
759 5167 860 5212 res
905 5157 1196 5234 cognosci
1231 5161 1432 5221 altiori
1463 5169 1525 5224 et
1551 5162 1828 5224 infeiiori
1869 5163 2057 5225 modo

424 5314 433 5322 ,
497 5241 621 5304 tub
641 5242 1287 5327 diversisluminibus,
1313 5253 1470 5316 sicut
1497 5254 1578 5315 ib
1605 5256 1924 5318 intellectu
1952 5275 2056 5316 an-

501 5334 701 5416 gelico
728 5345 787 5398 et
816 5338 1094 5403 humano
1128 5347 1526 5425 cognoscitur
1554 5349 1776 5411 eadem
1803 5367 1904 5412 res
1945 5368 2060 5430 per

499 5429 794 5493 scientias
815 5433 1024 5516 specie
1048 5435 1596 5516 differentes,na1n
1619 5441 1843 5506 codem
1869 5442 2057 5504 modo

1766 297 2003 360 QUAEs'r.
2038 298 2123 352 Xl.
2158 299 2357 352 Antio.
2396 301 2435 353 1.

2139 400 2435 478 cognosci
2488 406 2694 481 potest
2749 399 2831 462 ab
2882 400 3185 466 humano
3256 399 3597 463 intellectu
3650 420 3751 484 per

2138 493 2461 556 scientiam
2521 495 2888 568 humanam,
2944 501 3007 559 et
3064 494 3409 558 divinitus
3462 495 3747 560 infusam.
3847 485 3848 530 ³

2137 583 2317 646 Unde
2344 585 2571 646 falsum
2602 592 2696 648 est
2722 587 2895 666 quod
2919 587 3173 660 dieunt,
3214 589 3397 648 hanc
3428 587 3749 650 scientiam

2137 677 2413 740 infusam
2452 679 2678 740 animai
2730 680 2977 756 Christi,
3019 685 3233 759 prout
3264 685 3576 742 versatur
3600 681 3751 744 circa
3847 689 3848 692 ’

2137 789 2239 832 res
2278 773 2631 843 naturales,
2670 778 2915 834 tantum
2953 773 3238 836 differre
3282 775 3377 834 ab
3424 774 3748 853 acquisita,
3847 807 3848 810 ¹

2140 863 2300 926 sicut
2326 864 2495 926 visus
2524 865 2711 926 datus
2738 865 2839 926 vel
2867 867 3271 946 congenitus
3298 885 3343 930 a
3370 872 3635 939 natura,
3660 870 3749 930 vel
3847 865 3848 892 ³

2137 973 2252 1036 per
2277 957 2647 1019 miraculum
2668 958 3023 1032 restitutus;
3044 961 3217 1039 quia
3245 959 3440 1020 visus
3468 967 3571 1022 est
3591 960 3750 1022 idem

2136 1047 2202 1108 in
2232 1049 2477 1129 objecto
2512 1050 2783 1126 formali,
2816 1056 2881 1113 et
2907 1051 3101 1114 modo
3156 1051 3550 1132 attingendi
3581 1051 3745 1126 illud,

2138 1147 2201 1204 et
2229 1142 2330 1204 ille
2360 1143 2589 1204 modus
2616 1143 3047 1222 productionis
3073 1163 3205 1224 per
3230 1145 3636 1206 miraculum
3664 1153 3752 1206 est
3847 1223 3848 1232 ἶ

2138 1236 2595 1298 accidentarius
2623 1237 2744 1304 illi:
2788 1244 2854 1299 at
2892 1256 3041 1300 vero
3076 1239 3189 1300 11ae
3236 1239 3541 1302 scientim
3586 1238 3749 1302 diffe-

2138 1335 2286 1390 runt
2308 1333 2371 1390 in
2392 1329 2583 1392 modo
2612 1331 2960 1410 attingendi
2986 1330 3363 1412 objectum,
3388 1333 3510 1410 qui
3538 1334 3749 1394 transit

2138 1422 2205 1483 in
2236 1422 2553 1502 objectum
2582 1423 2867 1500 formale,
2897 1425 3065 1487 unde
3094 1426 3314 1487 etiam
3352 1425 3664 1488 differunt
3686 1425 3744 1488 in
3847 1495 3848 1502 χ

2139 1517 2409 1577 naturali
2437 1516 2625 1578 modo
2657 1517 3103 1596 productionis,
3136 1520 3305 1580 Haec
3338 1518 3525 1580 enim
3554 1520 3747 1580 scien-

2142 1609 2225 1670 tia
2260 1616 2485 1672 natura
2524 1629 2643 1672 sua
2666 1612 2942 1692 postulat
2970 1613 3107 1674 fieri
3138 1630 3277 1692 per
3314 1611 3737 1685 infusionem:
3847 1649 3848 1672 η

2140 1701 2402 1764 scientia
2432 1709 2643 1765 autem
2673 1705 2997 1780 naturaIiS,
3026 1707 3128 1769 vel
3160 1707 3530 1784 acquisita,
3574 1706 3742 1766 mini-

2138 1813 2275 1874 me;
2306 1815 2445 1877 quse
2488 1797 2841 1861 differentia
2888 1799 3097 1878 arguit
3142 1801 3221 1861 in
3276 1800 3448 1880 ipsis
3478 1799 3741 1862 scientiis
3847 1845 3848 1862 i

2140 1887 2563 1952 diversitatem
2592 1891 2976 1972 specificam,
3002 1899 3073 1954 ut
3098 1911 3225 1972 per
3252 1911 3333 1958 se
3368 1899 3649 1956 constat.

2226 1987 2285 2046 5.
2332 1983 2687 2062 Responsio.
2733 2016 2814 2032 --
2850 1987 2928 2048 Et
2968 1987 3115 2048 hinc
3158 1987 3391 2049 obiter
3436 1985 3734 2058 infertur,
3847 2015 3848 2066 ;

2147 2077 2281 2138 sinc
2308 2095 2499 2138 causa
2516 2079 2771 2139 Scotum
2792 2097 3005 2158 supra,
3026 2080 3087 2140 d.
3124 2081 3235 2154 14,
3266 2099 3337 2160 q.
3368 2082 3435 2153 4,
3454 2079 3733 2140 dubitare
3847 2069 3849 2114 ἶ

2146 2190 2229 2232 an
2256 2171 2541 2232 Christus
2568 2190 2683 2252 per
2706 2174 2868 2236 hauc
2892 2173 3221 2236 scientiam
3254 2175 3617 2254 perfectius
3646 2189 3735 2235 co·

2146 2271 2409 2346 gnoscat
2434 2263 2551 2325 has
2574 2283 2681 2326 res
2704 2266 3025 2328 naturales
3048 2268 3438 2348 cognitione
3468 2267 3734 2328 abstrac·
3847 2261 3848 2278 ¹

2146 2358 2292 2432 tiva,
2327 2376 2521 2438 quam
2557 2358 2783 2438 Angeli
2828 2359 3015 2420 simili
3060 2361 3474 2438 cognitione.
3507 2361 3663 2421 Nam
3690 2357 3735 2418 si
3847 2421 3848 2430 ἶ

2144 2453 2386 2531 species
2428 2453 2678 2532 (inquit)
2728 2454 3151 2534 intelligibiles
3202 2455 3452 2516 infusae
3500 2455 3730 2515 Christo

2141 2546 2225 2607 ad
2248 2547 2721 2626 cognoscendas
2741 2549 2855 2610 has
2873 2565 2997 2620 res,
3020 2553 3169 2610 sunt
3188 2549 3422 2610 minus
3444 2548 3731 2628 perfectae
3847 2625 3848 2628 Ἴ

2143 2656 2334 2718 quarn
2359 2640 2604 2719 species
2623 2641 2949 2720 angelicae,
2970 2643 3187 2702 minus
3214 2641 3433 2705 etiam
3458 2639 3728 2721 perfecta
3847 2633 3848 2692 ff

2146 2732 2265 2793 erit
2319 2734 2589 2812 cognitio
2637 2733 2865 2794 animae
2912 2734 3171 2808 Christi;
3228 2733 3287 2798 si
3342 2743 3567 2798 autem
3618 2732 3725 2794 illae

2144 2825 2391 2906 species
2414 2832 2561 2888 sunt
2586 2827 2786 2888 multo
2814 2826 3251 2907 perfectiores,
3288 2828 3465 2890 adeo
3499 2833 3571 2890 ut
3602 2843 3725 2886 ma-

2142 2920 2241 2998 gis
2264 2925 2563 2998 superent
2591 2919 2655 2980 in
2684 2920 3069 3000 perfectione
3100 2922 3361 3000 species
3386 2920 3721 3001 angelicaS,

2143 3029 2337 3091 quam
2388 3012 2739 3074 intellectus
2772 3013 3098 3092 angelicus
3132 3022 3410 3093 superet
3459 3012 3723 3074 intellec·

2142 3110 2277 3165 tum
2328 3105 2700 3180 humanum,
2732 3105 2856 3167 hoc
2902 3106 3135 3186 posito,
3166 3108 3419 3185 poterit
3465 3104 3727 3186 cognitio

2144 3199 2371 3260 animae
2403 3199 2626 3261 Christi
2660 3217 2799 3260 esse
2830 3198 3189 3279 perfectior,
3222 3202 3393 3280 quia
3428 3199 3599 3280 quod
3628 3196 3728 3259 de-

2144 3295 2235 3352 est
2266 3291 2633 3370 perfcctioni
2665 3292 2729 3353 in
2764 3293 3033 3356 naturali
3077 3292 3333 3356 lumine
3375 3293 3725 3356 intellectus

2141 3381 2388 3456 Christi,
2412 3385 2803 3465 compensari
2824 3389 3031 3464 potest
3056 3403 3135 3446 ex
3158 3385 3570 3464 perfectione
3594 3398 3723 3463 spe·

2140 3477 2280 3541 ciei.
2306 3477 2427 3540 Sed
2458 3478 2763 3558 imprimis
2784 3497 2913 3540 non
2931 3487 3407 3558 consequenter
3427 3477 3718 3560 loquitur,

2140 3571 2312 3652 quia,
2348 3573 2399 3633 si
2449 3573 2581 3634 haec
2630 3571 2916 3646 scientia,
2962 3576 3034 3633 ut
3076 3579 3381 3634 versatur
3428 3573 3593 3634 circa
3624 3585 3719 3630 res

2140 3667 2483 3735 naturales,
2536 3671 2631 3726 est
2676 3669 2919 3726 tantum
2969 3683 3084 3745 per
3128 3665 3439 3728 accidens
3496 3664 3713 3732 infusa,

2142 3757 2413 3818 dubitari
2446 3775 2573 3817 non
2608 3763 2817 3836 potest:
2842 3756 2997 3835 quin
3032 3758 3281 3837 species
3316 3777 3468 3820 cum
3498 3757 3603 3818 illa
3627 3754 3715 3814 in·

2142 3851 2295 3912 fusse
2322 3851 2447 3912 sint
2476 3850 2685 3910 minus
2722 3849 3017 3930 perfectoe
3045 3866 3234 3927 quam
3264 3851 3583 3931 angelicae
3604 3893 3623 3924 ,
3655 3852 3715 3908 ut

2142 3943 2475 4024 probatum
2506 3949 2633 4016 est,
2664 3943 2815 4022 quia
2843 3949 3057 4005 essent
3098 3943 3421 4008 inferioris
3458 3940 3707 4010 ordinis,

2144 4043 2207 4100 et
2236 4043 2753 4098 commensuratae
2776 4037 3046 4098 naturali
3072 4036 3453 4116 perfectioni
3482 4032 3711 4116 ingenii

2142 4131 2421 4192 hnmani.
2456 4131 2518 4193 Si
2556 4137 2768 4194 autem
2814 4130 3089 4193 admittit
3119 4149 3255 4194 esse
3298 4148 3495 4212 posse
3530 4127 3594 4192 in
3622 4125 3711 4188 in-

2139 4225 2395 4288 tellectu
2440 4223 2716 4286 humano
2748 4225 2989 4305 species
3030 4224 3457 4303 intelligibiles
3504 4233 3707 4284 rerum

2140 4317 2521 4379 naturalium
2550 4335 2667 4396 per
2690 4336 2759 4378 se
2792 4317 3055 4388 infusas,
3076 4325 3141 4380 et
3170 4316 3523 4397 superioris
3550 4311 3709 4376 ordi·

2141 4411 2271 4484 niS,
2304 4428 2495 4489 quam
2526 4412 2651 4471 siut
2685 4409 2927 4492 species
2960 4409 3407 4474 connaturales
3446 4402 3700 4476 homini,

2140 4505 2240 4567 vel
2286 4506 2527 4586 Angelo
2585 4507 2675 4584 (ut
2724 4523 2794 4566 re
2844 4522 2993 4568 vera
3021 4505 3317 4584 possibile
3354 4507 3517 4582 est),
3552 4499 3706 4561 sicut

2140 4600 2382 4661 ratione
2424 4598 2591 4660 facta
2615 4598 3001 4661 declaratum
3030 4603 3149 4672 est,
3182 4616 3392 4677 neque
3420 4615 3559 4660 esse
3591 4610 3699 4675 po-

2139 4698 2261 4755 test
2286 4693 2412 4753 ulla
2440 4694 2599 4753 ratio
2623 4691 2706 4752 ob
2734 4708 2925 4770 quam
2957 4692 3075 4753 hoc
3103 4691 3301 4754 videri
3330 4691 3561 4754 debeat
3584 4689 3698 4750 im-

2138 4784 2467 4868 possibile;
2499 4785 2550 4845 si
2598 4785 2743 4860 hoc,
2780 4785 3065 4862 inquam,
3110 4785 3401 4859 admittit,
3444 4793 3693 4844 necesse

2140 4887 2236 4942 est
2264 4886 2333 4941 ut
2368 4879 2657 4942 admittat
2696 4877 2885 4940 etiam
2935 4879 3260 4940 scientiam
3294 4895 3407 4958 per
3436 4896 3505 4938 se
3545 4873 3696 4935 infu-

2140 4993 2277 5036 sam
2296 4991 2505 5036 rerum
2531 4972 2911 5034 naturalium
2932 4971 3367 5051 perfectiorem
3388 4969 3685 5052 angelica,

2142 5079 2206 5133 et
2252 5068 2613 5150 possibilem
2651 5067 2995 5130 intellectui
3026 5068 3336 5138 humanm
3370 5067 3505 5126 haec
3530 5061 3691 5124 enirn

2142 5164 2267 5225 duo
2302 5164 2398 5224 vel
2428 5162 2597 5222 idern
2623 5167 2789 5222 sunt.
2813 5161 2912 5222 vel
2939 5161 3023 5220 ita
3052 5161 3411 5222 necessario
3436 5156 3689 5234 conjun-

2138 5265 2263 5325 cta,
2295 5263 2363 5316 ut
2388 5255 2853 5335 proportionem
2882 5253 3155 5314 debitam
3188 5257 3457 5325 servent,
3482 5255 3547 5310 ut
3572 5245 3689 5307 dis·

2138 5357 2273 5430 put.
2296 5351 2375 5412 29
2406 5349 2667 5410 dicetur.
2690 5347 2826 5410 Non
2848 5352 2943 5408 est
2967 5363 3117 5426 ergo
3138 5364 3249 5406 cur
3270 5345 3511 5406 dubitet
3535 5342 3683 5402 hanc

2141 5459 2279 5504 esse
2304 5440 2517 5503 datam
2547 5442 2769 5502 animis
2796 5439 3039 5511 Christi,
3064 5455 3208 5502 cum
3239 5446 3370 5502 tota
3398 5437 3529 5502 hinc
3551 5448 3682 5511 per·
