3892 6167
1450 372 1683 434 uuAEsT.
1721 371 1848 428 XIX.
1883 371 2084 426 Anne.
2127 374 2183 426 ΙΙ.

189 473 324 530 erat
361 472 558 532 metm
599 469 907 536 sensit-irco
921 471 1152 552 partis,
1173 471 1570 552 qumoaesset
1601 473 1774 534 ordi-

193 567 382 625 natus
427 582 468 624 a
507 563 774 626 ratione.
809 561 973 644 Ipsoe
1018 564 1200 631 etiam
1235 566 1608 646 operationes
1655 583 1775 630 mt-

191 661 215 716 t
225 677 341 718 nra
354 655 441 718 les
471 661 527 718 et
569 655 916 738 corporales
935 655 1298 738 aliqualiter
1311 659 1396 722 ad
1421 657 1550 738 ejus
1567 658 1776 724 volun·

191 755 402 812 tatem
423 749 840 830 pertinebant,
863 751 930 811 in
959 753 1150 830 quant
1158 769 1254 814 tam
1283 751 1618 819 voluntati-5
1644 752 1774 832 qius

193 849 361 920 erat,
395 848 464 906 ut
493 862 635 908 caro
661 843 790 922 ejus
812 849 1018 924 afferet
1050 849 1104 907 et
1125 849 1605 928 patereturque»
1631 851 1774 908 sunt

193 937 318 999 sibi
357 937 622 1020 propria
649 983 666 1010 ‚
699 941 766 998 ut
802 937 1032 1004 dictum
1068 942 1156 1002 est
1196 955 1386 1020 supra
1410 942 1454 1004 ¹.
1515 939 1608 1002 Ec
1644 939 1774 1004 ideo

196 1031 398 1094 multo
421 1031 622 1112 may-is
655 1034 742 1094 est
773 1049 894 1094 una
925 1031 1194 1112 operatio
1213 1032 1280 1096 in
1299 1031 1568 1107 Christo,
1593 1051 1778 1114 quam

195 1127 268 1188 in
301 1143 654 1208 quoeunque
683 1125 810 1188 alio
839 1125 1092 1192 homine.

283 1221 387 1286 Ad
427 1221 696 1304 primum
743 1237 881 1300 erqo
925 1219 1260 1298 dicendum,
1305 1224 1465 1306 quod
1505 1225 1771 1306 operatio

193 1313 408 1396 partis
437 1315 746 1380 sensitiva
764 1320 820 1378 et
845 1313 1024 1380 etiam
1045 1315 1361 1382 nutritiva»
1383 1335 1504 1380 non
1521 1323 1612 1382 est
1629 1337 1774 1401 pro-

194 1407 338 1486 prio
365 1407 654 1481 humana,
697 1407 856 1472 siout
887 1409 1114 1474 dictum
1143 1415 1230 1472 est
1266 1411 1318 1470 ².
1357 1411 1448 1472 Et
1483 1414 1682 1477 tamem
1705 1410 1774 1474 iu

202 1499 459 1564 Christo
493 1497 842 1580 hujusmodi
878 1501 1251 1583 operationes
1289 1503 1546 1580 suewnt
1571 1504 1770 1585 mauis

201 1595 490 1657 humana»
516 1613 692 1675 quam
718 1592 783 1656 in
813 1593 984 1658 aliis.

283 1687 395 1750 Aa
435 1688 752 1750 seeundum
788 1684 1136 1764 dicendum,
1185 1687 1342 1770 quod
1381 1689 1668 1772 potentia·
1712 1694 1772 1753 et

203 1781 448 1844 habitus
477 1779 972 1862 diversificantur.
1009 1797 1118 1862 per
1159 1783 1664 1861 comparationem
1691 1784 1776 1846 acl

203 1877 456 1956 objecta.
477 1875 570 1938 Et
591 1873 716 1938 ideo
745 1875 1067 1942 diversitas
1091 1879 1501 1958 operationum
1525 1879 1633 1942 Ιιοσ
1651 1894 1776 1942 mo-

215 1969 288 2031 do
315 1970 631 2050 respondet
657 1969 915 2032 diversis
932 1970 1224 2052 potentiis
1257 1975 1312 2032 et
1340 1969 1660 2046 habitibus,
1691 1972 1774 2036 si-

206 2069 306 2126 cut
357 2061 537 2128 etiam
583 2063 896 2144 respondet
939 2063 1191 2126 diversis
1253 2064 1517 2142 objectis.
1565 2065 1772 2130 Talem

204 2163 408 2220 autem
445 2155 855 2222 diversitatem
897 2157 1310 2234 operationum
1350 2176 1465 2222 non
1514 2158 1774 2222 intendi-

203 2268 341 2312 mus
385 2247 696 2314 excludere
744 2247 816 2311 ab
853 2247 1237 2314 humanitate
1283 2249 1564 2325 Christi,
1612 2253 1774 2316 siout

207 2361 310 2405 viee
344 2359 478 2404 eam
503 2360 636 2424 quoe
665 2347 756 2406 est
789 2341 1109 2406 secundum
1150 2343 1321 2406 aliud
1363 2353 1421 2407 et
1471 2345 1644 2408 aliud
1676 2345 1774 2407 in-

207 2441 612 2500 strumentum
627 2459 656 2508 ,·
682 2437 788 2498 sed
814 2435 1006 2498 solum
1055 2435 1230 2512 illam
1273 2455 1405 2518 qum
1444 2443 1534 2502 est
1564 2456 1778 2510 ⁶seeun-

210 2531 348 2594 dum
393 2531 667 2612 primum
696 2529 1068 2614 prlozoipium
1109 2533 1376 2596 activum
1397 2577 1420 2608 ,
1452 2537 1520 2596 ut
1547 2534 1775 2596 dictum

213 2627 297 2686 est
317 2623 366 2683 ³.
409 2623 582 2698 Um
615 2629 788 2706 patet
818 2623 998 2688 etiam
1038 2626 1343 2706 responsio
1385 2627 1466 2690 acl
1501 2629 1770 2692 tortium.

681 2789 1304 2888 conn'ffi'mnlus,

297 3003 351 3062 Ι.
409 2999 556 3063 Una
586 2998 852 3078 operatio
881 2999 1145 3064 humana
1174 2995 1412 3064 Christi
1453 2999 1774 3082 dupliciter

213 3093 482 3176 intelligi
500 3099 722 3174 potest.
740 3126 822 3142 -
839 3091 1049 3156 Omnis
1076 3095 1341 3174 operatio
1369 3094 1774 3158 hutnanitatis

215 3185 448 3250 Christi
493 3185 693 3266 aliquo
731 3185 907 3247 modo
943 3183 1074 3260 suit
1111 3185 1398 3250 humana.
1429 3221 1509 3230 --
1537 3188 1605 3248 ln
1653 3185 1772 3250 hoc

211 3279 418 3352 titulo,
440 3296 566 3340 una
595 3279 862 3358 operatio
891 3277 1114 3340 codem
1139 3296 1330 3340 seusu
1361 3279 1625 3342 sumitur
1647 3297 1772 3359 quo

211 3373 274 3434 iu
303 3371 718 3452 praecedenti,
754 3379 820 3432 ut
851 3373 925 3431 D.
968 3371 1240 3434 Thomas
1285 3373 1346 3432 in
1385 3390 1647 3452 corpore
1677 3392 1776 3436 ar-

209 3466 388 3530 ticuli
419 3483 717 3546 expresse
739 3463 1047 3540 declarat;
1074 3465 1238 3530 unde
1270 3466 1442 3548 quod
1461 3468 1530 3530 D.
1551 3468 1772 3530 Thom.

209 3559 312 3622 hic
339 3559 586 3630 definit,
611 3557 676 3620 in
707 3557 946 3622 Christo
977 3577 1114 3624 esse
1141 3566 1381 3625 tantum
1406 3579 1600 3625 unam
1629 3579 1780 3642 ope-

209 3651 526 3714 rationem
576 3651 958 3728 humanam,
1021 3651 1172 3715 nihil
1223 3651 1394 3716 aliud
1443 3653 1774 3733 significat,

210 3765 404 3826 quam
436 3743 786 3806 secundum
817 3747 1162 3808 humanam
1203 3752 1496 3808 naturam
1537 3765 1672 3808 esse
1713 3746 1778 3808 in

209 3839 451 3902 Clu-isto
482 3857 682 3900 unum
717 3839 1088 3920 principium
1121 3839 1331 3902 liberae
1360 3841 1774 3917 operationis,

209 3933 310 3994 cni
345 3933 554 3996 omnis
592 3933 756 3996 actio
797 3933 1080 4012 subjecta
1109 3939 1172 3994 et
1202 3931 1606 3998 subordinata
1633 3932 1772 3996 fuit.

207 4029 342 4100 Quo
375 4026 448 4087 fit
487 4033 580 4100 ut,
611 4025 931 4106 explicatis
959 4025 1278 4102 terminis,
1319 4025 1492 4088 nulla
1532 4024 1632 4088 bic
1668 4047 1776 4088 su-

207 4121 408 4200 persit
456 4139 618 4180 nova
649 4121 907 4198 quaestio
951 4139 1092 4199 qum
1133 4119 1215 4182 ad
1262 4138 1394 4182 rem
1422 4121 1769 4200 pertineat3

197 4213 339 4292 jam
368 4212 536 4276 enim
565 4213 636 4274 in
669 4213 1093 4292 superioribus
1117 4212 1506 4292 disputatum
1531 4219 1776 4276 estesse

204 4307 274 4368 in
303 4305 552 4370 Christo
581 4305 848 4368 Domino
895 4307 1284 4371 voluntatem
1321 4305 1666 4368 humanam
1701 4307 1778 4368 li-

205 4399 466 4471 beratus
521 4399 692 4477 quod
734 4417 886 4462 vero
927 4398 1032 4462 illa
1077 4399 1158 4460 sit
1191 4403 1436 4462 tantum
1497 4417 1663 4474 una,
1701 4418 1780 4462 ex

203 4491 535 4573 principiis
566 4493 1014 4574 philosophicis
1043 4491 1483 4556 communibus
1510 4493 1644 4554 aliis
1665 4491 1778 4556 lio-

206 4585 490 4648 minibus
527 4591 796 4651 constat.
841 4587 918 4648 Et
963 4585 1167 4666 colligi
1216 4587 1406 4650 etiam
1453 4591 1656 4666 potest
1699 4603 1776 4648 ex

203 4679 504 4740 Conciliis
542 4677 986 4742 definientibus
1035 4679 1100 4740 in
1146 4679 1384 4742 Christo
1431 4698 1566 4742 esse
1614 4679 1774 4742 duas

201 4773 584 4848 voluntateS,
618 4771 880 4834 alte1a1n
911 4771 1218 4847 divinam,
1245 4771 1510 4837 alteram
1547 4772 1770 4836 huma-

199 4879 400 4944 nam3
428 4866 772 4944 loquuntur
801 4865 968 4928 enim
999 4865 1079 4928 de
1108 4866 1537 4928 voluntatibus
1577 4865 1769 4928 ratio-

205 4957 458 5020 nalibus
489 4965 552 5020 et
576 4957 824 5031 libet-Is3
847 4958 1011 5020 etita
1035 4964 1281 5021 constat
1301 4978 1376 5020 ex
1405 4965 1580 5040 parte
1606 4957 1773 5038 priu-

203 5051 354 5132 cipii
381 5051 574 5114 fuisse
624 5051 688 5114 iu
720 5053 961 5114 Christo
1005 5071 1202 5114 unam
1234 5052 1596 5116 humanam,
1621 5071 1773 5131 ope-

199 5145 542 5222 rationem.
587 5143 796 5206 Potest
824 5151 1036 5208 autem
1075 5146 1194 5206 hoc
1225 5143 1284 5206 in
1317 5144 1548 5228 duplici
1579 5161 1772 5208 sensu

287 5337 304 5374 ¹
355 5335 582 5406 Quaest.
609 5353 826 5414 prmo„
864 5354 923 5396 a.
959 5339 1021 5398 5.

283 5429 312 5466 2
355 5429 424 5490 ln
454 5447 626 5508 corp.
660 5435 780 5490 art.

283 5521 310 5561 ³
353 5523 419 5584 ln
463 5540 636 5601 corp.
665 5527 780 5583 art.

3294 374 3409 436 317

1857 472 2141 554 intelligi.
2168 473 2409 536 Primus
2430 479 2545 552 cst,
2569 492 2823 539 omnem
2847 477 3272 554 operationem
3296 479 3412 542 lm-

1855 584 2109 628 manam
2140 567 2362 632 Christi
2398 568 2593 632 fuisso
2640 569 2999 648 hujusmodi
3044 589 3123 632 ex
3164 573 3413 638 habitu-

1854 659 2001 720 dine
2032 678 2147 722 seu
2177 660 2567 740 subjectione
2596 662 2677 722 ad
2718 681 2917 726 uuum
2948 671 3015 726 et
3043 663 3211 728 idem
3246 667 3413 746 prin·

1855 752 2087 832 cipium
2132 754 2423 816 humanm
2452 754 2715 816 actionis
2743 761 2806 818 et
2830 756 3159 820 libertatis,
3194 759 3271 820 Et
3312 759 3414 820 hic

1855 862 2081 906 seusus
2112 852 2206 908 est
2224 845 2427 910 clarus
2450 853 2510 908 et
2536 847 2671 910 sine
2699 847 2824 910 ulla
2856 849 3257 924 difficultate3
3292 852 3413 914 hoc

1857 937 2029 1002 enim
2066 939 2254 1002 modo
2283 939 2349 1002 in
2377 939 2657 1021 quolibet
2686 941 2943 1006 homine
2976 951 3071 1006 est
3111 963 3239 1006 una
3266 963 3413 1024 ope-

1855 1031 2018 1093 ratio
2047 1031 2329 1094 humana
2383 1051 2461 1095 ex
2488 1040 2666 1114 parte
2715 1035 3039 1118 principii,
3086 1055 3219 1102 non
3266 1038 3413 1118 quia

1853 1125 2059 1189 omnis
2084 1126 2243 1190 actio
2264 1128 2537 1190 hominis
2566 1128 2645 1190 sit
2669 1129 2751 1190 ab
2779 1129 2883 1192 illo
2912 1131 3221 1212 principio
3247 1132 3417 1209 (sunt

1851 1220 2021 1283 euim
2068 1220 2134 1282 in
2184 1221 2439 1287 homine
2482 1222 2694 1286 multae
2736 1224 3019 1288 actiones
3066 1225 3411 1301 natur-alea,

1850 1332 1991 1396 quae
2012 1313 2309 1376 humanae
2338 1315 2591 1396 proprie
2618 1335 2749 1380 non
2772 1317 3113 1398 dicuntur),
3132 1319 3247 1382 sed
3266 1319 3415 1400 qnia

1855 1408 2063 1470 omnis
2088 1409 2251 1472 actio
2286 1408 2575 1485 hominis,
2602 1427 2745 1490 qnoe
2764 1409 3050 1474 humana
3075 1417 3190 1486 est,
3224 1411 3416 1476 habet

1853 1520 1995 1566 eam
2015 1503 2321 1564 rationem
2354 1520 2433 1564 ex
2456 1501 2822 1565 habitudine
2844 1504 2925 1567 ad
2950 1523 3145 1568 unum
3167 1511 3229 1568 et
3248 1506 3413 1570 idem

1849 1595 2253 1678 principium.
2300 1596 2634 1658 Secundus
2691 1615 2915 1660 sensus
2966 1604 3099 1676 est,
3160 1617 3413 1662 omnem

1855 1691 2163 1752 actionem
2192 1688 2417 1752 Christi
2466 1689 2665 1752 fuisse
2696 1690 3041 1754 humanam
3072 1736 3089 1768 ‚
3124 1699 3185 1754 et
3231 1694 3318 1756 ita
3350 1694 3415 1756 in

1853 1783 1963 1844 illo
1992 1802 2121 1846 non
2150 1783 2343 1846 fuisse
2360 1783 2549 1846 aliam
2572 1784 2885 1846 actionem
2910 1785 3163 1866 proprie
3183 1785 3417 1852 dictam

1853 1881 2088 1956 praeter
2121 1893 2313 1940 unam
2346 1877 2777 1958 operationem
2805 1877 3191 1958 humanam3
3222 1886 3287 1942 et
3314 1881 3415 1944 hic

1855 1988 2081 2034 sensus
2109 1969 2357 2032 videtur
2380 1988 2523 2034 esse
2548 1990 2587 2034 a
2612 1971 2685 2035 1).
2717 1970 2941 2036 Thom.
2971 1971 3276 2036 intentus.

1871 2123 1894 2146 ,
1934 2067 1997 2128 2.
2022 2062 2282 2142 objectio
2296 2063 2525 2146 prima,
2552 2065 2623 2128 de
2642 2065 2978 2128 actionibus
3002 2068 3411 2132 naturalibus.

1854 2157 2377 2221 —Difficultatem
2408 2162 2623 2222 autem
2652 2157 3017 2220 nonnullam
3036 2159 3247 2236 habet,
3268 2161 3417 2239 quia

1854 2249 2151 2312 videntur
2189 2251 2379 2313 etiam
2408 2251 2473 2314 in
2501 2251 2745 2314 Christo
2773 2251 2967 2316 fuisse
2995 2253 3275 2319 actiones
3304 2273 3417 2316 na-

1857 2342 2093 2405 turales
2111 2387 2133 2420 ,
2167 2361 2307 2423 quae
2354 2362 2484 2404 non
2514 2343 2839 2423 subjacent
2866 2343 3159 2406 humanae
3198 2346 3417 2408 volun-

1855 2437 1971 2498 tati
2010 2455 2127 2498 seu
2172 2437 2469 2500 libertati.
2524 2437 2648 2500 Sed
2696 2437 2831 2500 haec
2866 2437 3056 2500 etiam
3090 2439 3419 2502 difficultas

1855 2529 2039 2591 facile
2064 2536 2269 2610 potest
2300 2549 2379 2591 ex
2406 2529 2505 2606 iis,
2532 2548 2673 2609 quoe
2700 2529 2769 2591 in
2803 2530 3231 2610 superioribus
3260 2538 3417 2595 trac-

1856 2627 1986 2684 tata
2014 2628 2183 2697 sunt,
2210 2620 2509 2704 expediri,
2544 2641 2695 2688 nam
2736 2624 2817 2684 de
2844 2623 3194 2688 actionibus
3226 2627 3419 2706 partis

1853 2717 2224 2796 vegetativae
2266 2722 2327 2778 et
2358 2715 2495 2777 aliis
2519 2761 2535 2790 ,
2575 2734 2713 2796 quae
2754 2715 2821 2777 in
2852 2715 3036 2778 nohis
3066 2725 3213 2780 sunt
3238 2737 3415 2781 mere

1853 2809 2197 2882 naturalem
2230 2808 2358 2887 jam
2391 2827 2605 2889 supra,
2650 2828 2713 2888 q.
2759 2813 2858 2884 14,
2890 2809 3195 2886 diximus,
3227 2813 3417 2874 etiam

1853 2901 1918 2962 in
1943 2900 2189 2964 Christo
2214 2901 2409 2964 fuisse
2440 2902 2779 2980 naturalem
2810 2903 3205 2969 considerata
3234 2911 3415 2968 natu-

1853 2995 1973 3056 rali
2025 2993 2459 3074 complexione
2516 3001 2581 3058 et
2630 2996 3075 3058 constitutione
3136 2999 3417 3078 corporis

1855 3087 2191 3168 passibilis,
2216 3107 2423 3168 neque
2448 3088 2637 3150 fuisse
2670 3090 2985 3170 subjectas
3010 3090 3277 3170 imperio
3308 3111 3418 3153 vo·

1858 3179 2115 3242 luntatis
2136 3226 2158 3259 ‚
2208 3182 2477 3262 propriis
2526 3181 2918 3244 naturalibus
2972 3182 3211 3246 viribus
3270 3203 3416 3265 ope-

1853 3275 2086 3347 rantis;
2132 3275 2535 3338 nihilominus
2585 3284 2795 3339 tamen
2844 3278 3123 3356 potuisse
3180 3279 3261 3342 ab
3311 3299 3414 3344 ea·

1859 3367 2005 3428 dem
2047 3367 2365 3430 voluntate
2410 3373 2478 3430 ut
2520 3369 2701 3430 Verbi
2748 3388 2985 3450 organo
3032 3390 3147 3432 seu
3186 3372 3417 3436 instru-

1858 3465 2073 3522 mento
2104 3460 2395 3524 sustineri
2445 3461 2857 3542 etimpediri;
2902 3469 2964 3526 et
3014 3465 3131 3526 hac
3176 3465 3417 3530 ratione

1859 3553 2013 3614 dixit
2040 3553 2140 3616 hic
2171 3554 2239 3616 D.
2267 3553 2486 3619 Thom.
2524 3554 2659 3616 illas
2684 3557 2963 3618 actiones
2990 3577 3175 3638 posse
3198 3560 3323 3622 dici
3348 3561 3417 3622 in

1860 3648 2101 3710 Christo
2145 3648 2355 3726 aliquo
2402 3649 2592 3710 modo
2636 3650 2963 3715 humanas,
3014 3653 3304 3722 Similiter
3334 3656 3415 3718 de

1861 3743 2105 3804 aclibus
2134 3743 2329 3822 partis
2358 3744 2705 3816 sentientis,
2742 3763 2951 3825 supra,
2980 3765 3045 3826 q.
3082 3750 3181 3820 15,
3211 3755 3419 3815 osten·-

1861 3855 2001 3898 sum
2030 3842 2122 3898 cst
2149 3855 2401 3916 semper
2430 3837 2618 3898 fuisse
2646 3837 2717 3898 in
2739 3837 2981 3900 Christo
3007 3858 3085 3904 ex
3112 3840 3418 3904 delibera-

1859 3931 2031 3994 tione
2056 3931 2339 4005 rationis,
2368 3937 2431 3992 et
2462 3949 2773 3994 consensu
2805 3933 3140 3996 voluntatis.
3164 3935 3410 4010 liboroe3

1858 4031 1920 4086 et
1952 4024 2123 4088 idem
2152 4025 2339 4106 paulo
2360 4031 2549 4088 antea
2572 4025 2843 4088 diximus
2864 4025 2943 4088 de
2962 4027 3205 4090 actibus
3220 4028 3417 4108 ipsius

1856 4117 2217 4191 voluntatis,
2252 4117 2381 4179 sive
2410 4125 2706 4196 operetur
2734 4125 2801 4180 ut
2827 4119 3012 4194 ratio,
3047 4121 3177 4184 sive
3207 4129 3275 4186 ut
3302 4141 3416 4186 na·-

1856 4215 2020 4286 tura‚
2054 4211 2185 4272 sive
2218 4216 2393 4274 actus
2422 4211 2503 4274 sit
2528 4211 2769 4286 efficax,
2803 4210 2933 4274 sive
2963 4213 3272 4288 inefficax,
3312 4236 3415 4280 ex-

1859 4311 2041 4386 cepto
2068 4305 2201 4366 solo
2249 4323 2465 4368 amore
2496 4305 2803 4379 beatifico,
2822 4323 3017 4384 quem
3044 4327 3235 4388 supra
3259 4310 3417 4372 dixi-

1857 4415 2001 4458 mus
2030 4417 2167 4460 esse
2200 4397 2648 4462 necessarium.

1939 4494 2001 4552 3.
2046 4489 2307 4566 objectio
2336 4495 2613 4563 secunda,
2650 4495 2719 4558 cle
2757 4493 2968 4576 prima
2992 4495 3411 4562 intellectione.

1855 4615 1936 4630 -
1964 4583 2315 4662 Responsio,
2344 4618 2424 4632 --
2448 4587 2660 4648 Solum
2696 4587 2774 4650 de
2804 4588 3008 4668 prima
3052 4588 3419 4654 intellectio.

1855 4693 1934 4738 ne
1962 4673 2217 4756 quidam
2240 4677 2551 4756 dubitant,
2575 4681 2744 4759 quia,
2765 4699 2909 4745 cum
2929 4681 3035 4744 illa
3056 4685 3413 4748 necessario

1852 4769 2181 4832 antecedat
2216 4771 2626 4846 voluntatem,
2668 4773 2859 4834 etiam
2886 4774 2951 4834 in
2988 4773 3251 4849 Christo,
3284 4795 3413 4840 non

1848 4863 2096 4926 videtur
2137 4883 2275 4926 esse
2307 4883 2423 4944 per
2452 4882 2521 4926 se
2550 4865 2713 4930 actio
2752 4866 3073 4944 humana,
3106 4869 3255 4949 quia
3283 4887 3411 4934 non

1853 4955 2020 5019 cadit
2060 4955 2177 5018 sub
2206 4956 2543 5020 voluntatis
2576 4958 2961 5033 motionem,
3012 4979 3125 5022 seu
3164 4962 3415 5028 electio-

1851 5068 2021 5112 nem.
2073 5049 2209 5111 Dici
2241 5068 2389 5112 vero
2434 5056 2635 5130 potest
2680 5051 2746 5110 in
2773 5051 3015 5114 Christo
3042 5071 3171 5115 non
3218 5055 3413 5120 fuisse

1851 5141 2039 5204 aliam
2062 5141 2153 5222 pri
2163 5161 2329 5204 mam
2355 5142 2842 5204 intellectionem
2860 5149 3085 5224 praeter
3102 5146 3411 5212 visionem

1849 5236 2127 5314 beatam,
2158 5255 2283 5316 qua
2311 5237 2653 5316 supposita,
2681 5238 2885 5300 omnis
2922 5238 3045 5300 alia
3071 5239 3409 5304 intellectio

1849 5349 1965 5394 seu
1995 5331 2415 5393 consideratio
2436 5329 2661 5392 Christi
2690 5331 2891 5410 potuit
2915 5349 3053 5394 esse
3082 5351 3160 5394 ex
3184 5335 3411 5398 motio-

1849 5443 1955 5500 ne,
1996 5442 2105 5486 seu
2134 5441 2447 5486 consensu
2479 5424 2812 5486 voluntatis
2842 5425 3013 5505 ejuS‚
3046 5426 3155 5504 qui
3184 5428 3408 5488 modus

1852 5517 2153 5599 operandi
2185 5519 2516 5598 perfectior
2546 5525 2662 5595 est,
2692 5524 2753 5581 et
2784 5519 2923 5582 ideo
2952 5519 3187 5584 Christo
3206 5522 3411 5584 Domi·
