3892 6167
1350 372 1669 426 DtSPL'TA'r.
1704 374 1823 427 Ltv.
1859 372 2029 426 SECT.
2067 372 2124 426 V.

128 466 321 550 plat-is
345 516 361 542 ,
396 466 575 531 nulla
626 468 997 549 relinquitur
1045 472 1307 535 honesta
1360 476 1516 537 ratio
1550 474 1701 536 ado-

127 560 309 623 randi
357 563 734 641 imaginem,
788 583 899 626 seu
934 564 1143 645 (quod
1194 567 1360 629 idem
1412 570 1543 647 est)
1576 588 1703 629 ser-

130 654 343 715 viendi
368 657 464 717 rei
492 656 874 720 inanimatas.
969 696 986 709 -

204 748 265 809 8.
316 750 533 812 Tertia
572 750 732 812 ratio
770 750 871 827 sit,
902 750 1051 831 quia
1090 750 1377 815 adoratio
1406 761 1500 815 est
1528 759 1703 816 actus

130 842 500 919 religionis;
534 844 757 924 religio
780 851 992 907 autem
1021 862 1151 907 non
1178 853 1382 926 potest
1411 864 1701 910 exercere

131 942 309 997 actus
330 952 487 999 suos
514 938 679 1000 circa
704 956 807 1000 res
822 954 999 1000 mere
1026 938 1441 1015 irrationales,
1466 939 1579 1001 sed
1596 958 1703 1001 ne·

130 1046 307 1090 resse
340 1038 447 1093 est
470 1038 541 1092 ut
574 1030 655 1093 ad
681 1030 957 1111 aliquam
992 1048 1125 1093 rem
1156 1032 1530 1094 rationalem
1568 1052 1701 1094 om-

128 1140 269 1183 nem
300 1140 493 1185 suum
518 1131 727 1187 actum
744 1126 1053 1204 praecipue
1073 1108 1333 1205 dirigam
1362 1144 1513 1207 ergo
1536 1126 1705 1189 idem

132 1222 217 1275 est
248 1215 339 1279 de
383 1224 529 1279 actu
564 1217 947 1280 adorationis
959 1236 979 1299 3
1012 1236 1163 1299 ergo
1206 1236 1333 1281 non
1386 1225 1595 1301 potest
1635 1220 1703 1281 il-

129 1310 259 1370 lum
315 1328 619 1373 exercere
663 1312 829 1374 circa
871 1312 1215 1391 imaginem
1264 1312 1697 1387 inanimatam,

130 1402 247 1465 nisi
306 1402 741 1484 principaliter
796 1424 945 1467 eum
1000 1404 1227 1485 dirigat
1268 1406 1332 1468 in
1393 1407 1700 1471 rationale

130 1496 465 1577 exemplar
492 1516 607 1577 per
637 1498 980 1579 imaginem
1008 1506 1550 1579 repraesentatum.
1592 1502 1703 1563 Mi-

128 1608 247 1651 nor
276 1590 645 1655 declaratur
673 1596 923 1672 (caetera
953 1594 1122 1655 enim
1146 1595 1300 1655 satis
1330 1600 1481 1655 nota
1504 1598 1697 1675 sunt),

128 1686 279 1763 quia
312 1685 537 1766 religio
563 1694 656 1749 est
686 1704 831 1768 pars
860 1686 1218 1769 potentialis
1237 1689 1515 1767 justitias,
1554 1708 1699 1751 cum

130 1796 257 1857 qua
296 1780 367 1841 in
399 1798 477 1843 eo
512 1782 803 1845 convenit
829 1781 999 1862 quod
1031 1778 1114 1844 ad
1153 1781 1417 1845 alterum
1447 1784 1701 1845 ordina·

130 1878 257 1949 tur,
292 1878 361 1935 et
406 1894 523 1935 suo
567 1872 757 1938 modo
814 1874 873 1938 ei
922 1874 1204 1939 debitum
1256 1872 1508 1953 reddit3
1540 1876 1701 1939 sicut

133 1984 287 2045 ergo
310 1968 557 2047 justitia
578 1986 710 2031 non
739 1969 987 2033 ordinat
1016 1976 1194 2032 actus
1220 1986 1391 2045 suoS,
1419 1986 1539 2031 nec
1562 1968 1700 2031 red·

132 2058 219 2122 dit
248 2058 533 2123 debitum
562 2062 684 2123 nisi
710 2080 993 2143 personas
1037 2062 1296 2125 rationis
1326 2062 1565 2143 capaci,
1598 2065 1699 2125 cui

132 2152 321 2215 faciat
373 2154 799 2233 aequalitatem
823 2202 839 2231 ,
890 2160 951 2218 et
984 2162 1376 2219 contractum
1428 2154 1699 2235 aliquem

132 2249 331 2318 ineat,
355 2247 459 2309 vel
480 2247 763 2311 debitum
780 2249 979 2312 solvat
994 2266 1015 2329 ;
1042 2251 1173 2313 haec
1207 2250 1376 2312 enim
1404 2256 1551 2311 sunt
1565 2267 1700 2311 mu-

134 2360 287 2403 nera
308 2342 595 2422 justitias,
627 2361 767 2421 quoe
796 2344 961 2406 circa
985 2362 1121 2406 rem
1150 2342 1579 2405 irrationalem
1607 2344 1696 2404 in·

140 2434 335 2513 telligi
366 2454 497 2497 non
522 2444 820 2517 possunt3
854 2438 939 2499 ita
976 2438 1171 2499 etiam
1198 2435 1419 2517 religio
1448 2455 1700 2516 semper

143 2534 437 2608 operatur
453 2528 619 2591 circa
641 2531 935 2607 alterum,
966 2532 1073 2611 qui
1105 2530 1182 2593 sit
1210 2530 1534 2592 rationalis
1558 2547 1699 2610 per-

150 2640 327 2693 sona;
376 2638 530 2701 ergo
558 2622 679 2684 boc
722 2622 931 2703 ipsum
960 2640 1217 2685 necesse
1252 2630 1348 2685 est
1384 2624 1451 2683 in
1480 2621 1699 2703 imagi-

144 2732 287 2775 num
315 2714 687 2778 adoratione
714 2716 985 2791 servari3
1018 2716 1103 2777 ita
1139 2722 1230 2793 ut,
1265 2716 1375 2796 qui
1404 2714 1701 2778 decenter

140 2814 363 2869 tractat
397 2808 767 2887 imaginem,
794 2810 895 2871 vel
932 2810 1157 2889 quovis
1198 2809 1389 2871 modo
1422 2826 1566 2871 eam
1592 2826 1698 2869 ve-

138 2908 421 2978 neratur,
451 2906 652 2963 totum
684 2902 801 2963 hoc
818 2902 1029 2976 faciat,
1050 2908 1117 2964 ut
1134 2902 1225 2965 rei
1252 2902 1319 2963 in
1344 2900 1448 2964 illa
1474 2921 1701 2984 reprae·

136 3000 403 3056 sentatae
452 2993 735 3057 debitum
784 2995 1021 3058 cultum
1068 3014 1183 3057 seu
1238 2995 1699 3057 observantiam

136 3094 431 3167 praestet3
462 3088 695 3168 alioqui
720 3106 851 3151 non
878 3094 1128 3153 exercet
1150 3094 1359 3151 actum
1380 3088 1700 3170 religionis

136 3182 247 3241 vel
276 3180 484 3243 duliae.

220 3278 283 3337 9.
336 3274 560 3350 Quarta
596 3277 759 3338 ratio
794 3276 961 3339 sumi
1010 3282 1215 3357 potest
1262 3296 1301 3339 a
1352 3276 1697 3351 contrario,

138 3384 291 3430 nam
324 3368 433 3448 qui
458 3368 879 3432 irreverenter
921 3376 1150 3433 tractat
1179 3372 1541 3450 imaginem,
1577 3368 1704 3449 pri-

138 3480 245 3523 mo
278 3480 355 3525 ac
381 3480 499 3543 per
522 3480 594 3525 se
618 3480 747 3525 non
774 3470 995 3545 peccat
1023 3466 1087 3525 in
1114 3464 1476 3544 imaginem,
1506 3462 1703 3525 sedin

140 3574 481 3636 personam
511 3564 1027 3637 repraesentatam
1046 3580 1067 3635 3
1103 3576 1253 3637 ergo
1284 3555 1455 3620 idem
1494 3556 1704 3621 dicen-

144 3650 296 3712 dum
344 3656 443 3713 est
492 3650 573 3713 de
621 3651 1024 3726 adoratione3
1080 3670 1228 3714 nam
1273 3651 1703 3732 oppositorum

144 3744 369 3806 eadem
388 3746 551 3807 ratio
578 3750 693 3808 est.
716 3748 1070 3827 Totumque
1092 3751 1557 3826 argumentum,
1574 3751 1705 3807 tam

142 3838 549 3914 antecedens,
574 3856 765 3919 quam
786 3838 1006 3916 illatio,
1040 3840 1307 3903 sumitur
1330 3858 1409 3901 ex
1426 3838 1703 3901 Adriano

142 3934 307 4012 Papa
322 3933 391 3993 in
414 3932 645 4012 scripto
672 3933 1047 4011 Imaginum‚
1068 3950 1207 4015 cap.
1234 3934 1308 4006 8;
1342 3940 1493 3996 etex
1514 3932 1705 3993 Atha—

136 4026 321 4086 nasio
356 4025 547 4087 citato
600 4026 666 4087 in
693 4028 733 4089 4
765 4030 885 4087 act.
916 4026 1021 4087 Vll
1051 4024 1325 4106 Synodi;
1357 4031 1423 4087 et
1448 4024 1707 4087 Damas-

134 4136 321 4193 ceno,
353 4118 523 4182 dicta
554 4126 715 4183 orat.
750 4120 787 4181 3
815 4118 895 4181 de
923 4118 1329 4198 imaginibus.

218 4214 321 4275 ¹0.
350 4212 637 4277 Secunda
652 4214 1057 4277 smtmia.—
1069 4210 1463 4296 Approbatur
1498 4230 1723 4277 secum

134 4308 213 4370 da
230 4306 935 4371 sententia.-Secunda
964 4308 1275 4370 sententia
1298 4313 1413 4381 est,
1444 4308 1589 4370 licet
1606 4328 1709 4370 ve-

134 4420 277 4462 rum
296 4401 693 4480 sitimagines
704 4420 835 4463 non
847 4418 1033 4483 posse
1046 4400 1297 4463 adorari
1315 4400 1435 4463 nisi
1452 4408 1707 4482 propter

136 4494 490 4576 exemplar,
504 4496 917 4557 nihilominus
932 4496 997 4557 in
1016 4514 1083 4557 se
1095 4514 1169 4557 ac
1183 4498 1436 4577 proprie
1458 4494 1704 4557 adorari

134 4606 347 4669 posse,
361 4606 493 4651 non
518 4588 778 4652 adorato
793 4588 1129 4661 directe,et
1148 4595 1215 4649 ut
1230 4588 1423 4669 quod,
1440 4589 1576 4668 ipso
1600 4606 1705 4650 ex-

133 4682 301 4765 empl
308 4682 425 4745 ari.
440 4682 617 4746 Hanc
629 4684 1005 4745 sententiam
1020 4688 1241 4746 tenent
1255 4682 1563 4764 imprimis
1576 4702 1705 4743 om-

134 4794 253 4839 nes
282 4782 605 4853 auctores,
633 4776 742 4858 qni
764 4784 1002 4856 negant
1020 4775 1332 4857 imagines
1348 4792 1533 4857 posse
1555 4776 1707 4838 ado-

136 4870 270 4933 rari
314 4872 573 4954 propria
603 4870 825 4935 eadem
860 4870 1226 4933 adoratione
1256 4888 1382 4952 qua
1410 4870 1708 4933 adoratur

131 4965 501 5045 exemplar,
536 4972 597 5029 et
630 4964 785 5027 alias
831 4964 1063 5026 docent
1102 4964 1413 5045 imagines
1455 4962 1704 5025 adorari

128 5059 393 5137 proprie
422 5056 633 5139 aliquo
680 5058 876 5135 cultu,
926 5064 1056 5119 tam
1094 5064 1351 5119 externo
1387 5074 1577 5136 quam
1602 5056 1699 5117 in-

128 5160 344 5227 terne,
377 5168 492 5212 seu
539 5169 615 5213 ex
644 5150 905 5233 speciali
945 5149 1291 5213 intentione
1339 5148 1541 5212 cultus
1580 5148 1701 5211 illis

126 5244 617 5309 accommodati.
670 5248 765 5309 Ita
819 5246 1159 5325 opinantur
1210 5242 1581 5307 catherinus
1638 5248 1703 5304 et

125 5340 335 5421 Ayala
354 5354 377 5417 ;
419 5338 669 5403 Grabriel
705 5339 917 5415 etiam,
948 5355 1139 5418 quem
1168 5335 1458 5400 Corduba
1498 5337 1703 5414 scqui-

124 5440 263 5509 tur,
310 5434 519 5514 magis
558 5432 626 5493 in
672 5432 836 5493 hanc
877 5436 1121 5511 partem
1153 5429 1449 5504 inclinat;
1489 5434 1705 5491 censet

126 5524 303 5589 enim
340 5520 689 5606 probabile,
723 5522 1157 5586 adorationem
1188 5520 1483 5602 imaginis
1520 5536 1702 5603 posse

3221 372 3340 433 629

1780 470 1915 535 fieri
1953 472 2174 535 eodem
2207 480 2351 537 actu
2379 476 2623 538 interno
2654 494 2777 555 quo
2805 494 2918 555 per
2945 494 3012 539 se
3042 476 3242 557 primo
3271 496 3343 539 ac

1781 568 2034 647 proprie
2077 569 2376 630 adoratur
2419 574 2840 651 prototypon3
2891 576 3101 632 tamen
3151 572 3340 634 etiam

1786 659 2100 721 existimat
2123 662 2471 739 probabile,
2516 664 2616 724 vel
2653 662 3036 743 probabilius
3060 710 3076 738 ,
3124 665 3344 726 adora·

1784 752 2022 815 tionem
2049 752 2341 834 imaginis
2378 761 2702 817 externam
2747 756 3088 835 procedere
3125 778 3202 820 ex
3249 758 3343 819 di-

1784 862 1968 906 verso
1994 850 2137 907 actu
2167 846 2433 909 interno,
2457 850 2548 909 Ex
2576 866 2698 927 quo
2719 848 3048 912 manifeste
3077 850 3346 911 insertur

1786 938 2090 1019 (quamvis
2144 940 2277 1019 ipse
2331 946 2548 1020 aperte
2603 958 2734 1002 non
2788 942 3105 1022 declaret)
3157 962 3344 1023 posse

1784 1050 1982 1092 unum
2027 1038 2235 1093 actum
2283 1033 2600 1095 internum
2650 1036 2930 1114 separari
2980 1036 3060 1096 ab
3089 1036 3238 1112 alio,
3283 1044 3345 1097 ct

1784 1124 2216 1186 adorationem
2262 1127 2557 1205 imaginis
2595 1128 2870 1190 exerceri
2917 1147 2995 1190 ex
3039 1128 3146 1190 illo
3199 1134 3343 1190 actu

1782 1220 2052 1291 interno,
2083 1221 2187 1296 qui
2213 1218 2295 1281 ad
2321 1220 2488 1281 illam
2516 1220 2824 1299 dirigitur,
2851 1222 3134 1300 quamvis
3158 1221 3342 1283 simul
3453 1299 3464 1311 .

1783 1330 1911 1375 non
1944 1320 2310 1375 exerceatur
2338 1314 2460 1375 alia
2491 1314 2752 1377 intentio
2780 1314 3011 1378 directe
3041 1334 3116 1379 ac
3143 1334 3340 1396 perse

1784 1404 2031 1467 colendi
2060 1412 2474 1487 prototypum
2506 1426 2633 1468 non
2661 1408 2828 1469 enim
2859 1409 3094 1470 habent
3122 1426 3236 1489 per
3273 1428 3342 1471 sc

1780 1499 2200 1560 necessariam
2223 1498 2712 1579 dependentium
2734 1508 2843 1563 aut
2858 1503 3337 1576 connexionem,

1782 1597 1852 1653 ut
1880 1592 2084 1671 magis
2107 1592 2266 1652 intra
2296 1592 2625 1654 constabit.
2669 1595 2760 1655 Ex
2783 1596 3140 1657 auctoribus
3163 1614 3336 1669 vem,

1783 1686 1892 1767 qui
1935 1686 2276 1749 admittunt
2319 1706 2504 1768 posse
2551 1688 2858 1768 imagines
2906 1690 3154 1751 adorari
3197 1708 3342 1751 cum

1780 1780 2154 1864 prototypis,
2184 1785 2404 1843 tenent
2431 1781 2835 1843 nihilominus
2863 1800 3043 1861 posse
3067 1782 3204 1843 sine
3223 1782 3345 1843 illis

1782 1874 1904 1936 alio
1931 1890 2165 1953 genere
2189 1874 2390 1936 cultus
2414 1874 2688 1949 adorari,
2719 1872 3060 1951 sanderus,
3109 1876 3152 1937 l.
3183 1878 3222 1938 2
3265 1872 3344 1935 de

1780 1968 2005 2047 imag„
2039 1986 2095 2032 c.
2130 1966 2241 2030 ult.
2259 1984 2279 2045 3
2318 1972 2381 2029 et
2407 1968 2702 2030 Albertus
2729 1968 3005 2047 Pighius„
3037 1968 3080 2031 l.
3108 1968 3148 2033 8
3169 1974 3339 2031 cont.

1782 2062 2109 2123 Erasmum
2123 2078 2142 2139 3
2177 2066 2238 2123 et
2269 2062 2591 2138 Bellarm.‚
2615 2060 2661 2124 l.
2703 2064 2742 2125 2
2773 2060 2851 2124 de
2887 2061 3250 2142 Imaginib.,
3283 2080 3339 2123 c.

1781 2158 1850 2217 21
1890 2158 1954 2216 et:
1993 2158 2111 2233 253
2158 2173 2237 2216 ex
2277 2155 2733 2237 antiquioribus
2771 2174 2918 2218 vero
2950 2156 3344 2218 Scholasticis

1780 2247 1935 2309 nihil
1966 2256 2205 2310 certum
2235 2249 2301 2310 in
2331 2248 2450 2311 hac
2493 2267 2564 2311 re
2595 2249 2802 2329 colligi
2829 2254 3053 2330 potest,
3087 2268 3214 2312 uno
3243 2250 3344 2312 vel

1784 2344 1982 2405 altero
2020 2350 2315 2423 except03
2367 2362 2518 2405 nam
2545 2344 2734 2406 verba
2769 2362 2988 2407 eorum
3025 2346 3341 2424 aequivoca

1782 2444 1950 2510 sunt,
1984 2443 2052 2499 ut
2088 2456 2169 2498 ex
2197 2436 2480 2498 dicendis
2524 2438 2871 2514 constabit3
2903 2438 3170 2500 multum
3195 2456 3344 2500 vero

1780 2530 1989 2593 favent
2019 2549 2260 2606 omneS,
2293 2532 2400 2611 qui
2445 2530 2660 2595 dicunt
2685 2531 3026 2613 imaginem
3065 2550 3204 2595 esse
3240 2551 3343 2595 ve·

1780 2643 1921 2687 rum
1959 2626 2277 2705 objectum
2304 2624 2708 2699 adorationis,
2742 2626 3026 2705 quamvis
3052 2624 3339 2705 partiale,

1780 2726 1851 2781 ut
1876 2718 2186 2799 Capreol„
2208 2718 2556 2795 etFerrar.,
2581 2718 2877 2799 etMajor,
2894 2720 3000 2799 qui
3027 2720 3214 2780 etiam
3237 2716 3344 2778 ad-

1780 2814 1968 2875 mittit
1994 2813 2426 2875 adorationem
2445 2812 2860 2893 respectivam
2890 2811 3203 2892 imaginis,
3229 2812 3345 2873 Pa-

1780 2906 1912 2969 lud.
1945 2907 2156 2981 etiam,
2179 2906 2395 2967 dicens
2415 2924 2554 2967 esse
2576 2904 2918 2967 absurdum
2945 2906 3342 2986 principium,

1781 3000 1938 3061 nihil
1973 2999 2333 3061 irrationale
2366 3016 2504 3061 esse
2553 2998 2945 3062 adorandum
2976 3000 3041 3061 in
3086 3016 3176 3075 se,
3207 2999 3345 3061 des-

1782 3094 2156 3155 truittotum
2203 3092 2683 3155 fundamentum
2715 3094 3044 3155 contrariae
3095 3098 3343 3154 senten-

1784 3185 2148 3266 tiae.·Atque
2179 3184 2314 3248 haec
2339 3186 2551 3267 opinio
2579 3204 2728 3249 vera
2752 3193 2870 3259 est,
2905 3194 2967 3248 et
2995 3192 3124 3247 tam
3154 3192 3347 3261 certa,

1784 3297 1976 3360 quam
2002 3287 2098 3341 est
2127 3285 2365 3341 certum
2399 3280 2716 3359 imagines
2742 3298 2868 3342 non
2912 3278 3171 3342 abusive
3217 3286 3356 3342 tan-

1783 3380 1918 3434 tum
1951 3378 2016 3433 et
2043 3372 2416 3453 improprie,
2469 3372 2582 3433 sed
2615 3390 2762 3433 vere
2792 3389 2866 3433 ac
2907 3372 3158 3451 proprie
3208 3370 3362 3433 ado-

1784 3465 1929 3528 rari.
1959 3466 2058 3540 Et,
2090 3464 2236 3545 quia
2267 3463 2346 3525 dc
2367 3464 2560 3543 liujus
2593 3462 2963 3543 posterioris
2991 3464 3360 3542 propositio—

1784 3560 1883 3621 nis
1910 3559 2169 3620 veritate
2197 3577 2270 3620 ac
2301 3556 2719 3619 fundamento
2752 3556 2899 3618 satis
2934 3575 2973 3616 a
3001 3556 3184 3617 nobis
3231 3554 3358 3619 dic-

1784 3660 1918 3715 tum
1945 3658 2042 3715 est
2083 3652 2147 3713 in
2195 3658 2348 3713 sect.
2382 3654 2445 3724 3,
2477 3652 2578 3712 bic
2610 3649 2815 3711 solum
2855 3650 3214 3711 curabimus
3247 3649 3357 3711 de-

1786 3753 2140 3808 monstrare
2155 3745 2348 3825 hujus
2365 3745 2659 3807 illationis
2674 3742 3105 3805 necessitatem
3119 3760 3140 3821 3
3165 3760 3356 3822 quam

1788 3840 2076 3901 existimo
2110 3837 2269 3902 adeo
2296 3858 2435 3901 esse
2471 3838 2852 3911 evidentem,
2874 3842 2943 3900 ut
2973 3838 3083 3917 qui
3107 3836 3356 3899 sinistre

1789 3932 2059 3996 senserit
2087 3932 2164 3994 de
2193 3932 2504 3994 sententia
2527 3930 2835 4003 Durandi,
2855 3930 3191 3992 asserentis
3209 3930 3362 3992 ima-

1790 4027 2004 4105 ginem
2034 4032 2274 4088 tantum
2325 4025 2584 4087 abusive
2629 4024 2903 4099 adorari,
2939 4030 3048 4087 aut
3095 4023 3174 4086 de
3215 4042 3362 4085 sen-

1785 4118 1984 4180 tentia
2011 4118 2276 4182 aliorum
2309 4122 2470 4198 (quae
2509 4118 2576 4179 in
2619 4134 2690 4178 re
2727 4115 2950 4179 eadem
2995 4118 3112 4195 est)
3155 4116 3363 4179 dicen-

1788 4216 1968 4286 tium,
2000 4214 2165 4276 circa
2191 4214 2497 4293 imagines
2517 4210 2754 4273 versari
2777 4216 3017 4273 tanturn
3047 4212 3358 4273 actionem

1789 4315 2124 4371 externam
2153 4306 2565 4380 adorationiS,
2594 4324 2723 4369 non
2757 4311 2966 4367 tamen
2990 4303 3073 4366 ad
3123 4322 3230 4367 eas
3267 4304 3360 4366 di-

1786 4400 1905 4480 rigi
1926 4402 2055 4462 ullo
2085 4398 2274 4463 modo
2305 4400 2718 4463 intentionem
2749 4399 2971 4473 cultus,
3003 4416 3132 4459 non
3159 4398 3356 4479 possit

1788 4512 2018 4573 negare
2060 4494 2338 4576 aliquam
2390 4496 2822 4557 adorationem
2873 4492 3166 4573 imaginis
3217 4511 3356 4555 esse

1788 4588 2148 4669 possibilem
2185 4596 2247 4651 et
2295 4588 2552 4663 licitam,
2603 4606 2740 4669 quoe
2781 4588 2990 4669 ipsum
3035 4587 3358 4668 exemplar

1787 4701 1916 4743 non
1951 4684 2445 4765 comprehendat
2469 4690 2767 4763 tanquam
2800 4681 3118 4759 objectum
3149 4698 3260 4759 per
3288 4698 3356 4741 se

1786 4776 1991 4857 primo
2021 4776 2374 4838 adoratum.
2406 4780 2542 4838 Duo
2576 4776 2766 4854 igitur
2801 4792 2876 4835 ex
2900 4772 3190 4853 praedicto
3218 4771 3356 4833 fun-

1788 4866 2084 4931 damento
2118 4888 2156 4931 a
2191 4869 2376 4931 nobis
2402 4866 2791 4932 ostendenda
2829 4872 2996 4926 sunt.
3051 4866 3350 4941 Primum,

1786 4962 1905 5023 hoc
1933 4978 2137 5043 genus
2174 4961 2558 5025 adorationis
2593 4977 2731 5023 esse
2759 4956 3076 5037 possibile.
3115 4954 3351 5021 Secun-

1786 5054 1964 5133 dum,
1996 5074 2134 5117 esse
2162 5056 2424 5117 licitum.

1869 5152 1968 5211 ss.
2015 5150 2295 5211 Primum
2347 5148 2649 5230 probatur
2698 5162 2776 5208 ex
2827 5144 3110 5227 generali
3157 5146 3347 5207 modo

1786 5242 2092 5325 operandi
2146 5250 2374 5305 nostrae
2425 5240 2762 5302 voluntatis
2833 5246 2896 5302 et
2961 5238 3312 5301 intellectus

1784 5353 1931 5397 nam
1963 5343 2170 5417 potest
2199 5335 2494 5417 quaelibet
2521 5352 2597 5395 ex
2623 5334 2720 5395 bis
2751 5332 3149 5394 facultatibus
3199 5339 3346 5393 ten-

1784 5430 1931 5492 dere
1959 5431 2022 5491 in
2062 5428 2315 5513 aliquod
2363 5428 2685 5490 materiale
2727 5426 3038 5507 objectum
3087 5429 3311 5505 propte

1784 5524 1956 5585 aliud
1985 5531 2054 5586 ut
2089 5542 2237 5604 quc,
2269 5542 2378 5588 seu
2402 5528 2471 5584 ut
2509 5520 2800 5595 formale,
2853 5520 3042 5582 etiam
3089 5517 3138 5578 si
3196 5524 3302 5578 act
