3892 6167
598 429 871 512 gandam
932 426 1099 490 dicto
1148 423 1339 487 mado
1384 425 1778 488 voluntatem
1830 431 2118 488 creatam
2138 468 2155 496 ,

598 523 787 586 etiam
808 520 923 582 sibi
948 517 1340 600 hypostatice
1360 519 1607 580 intritam
1624 535 1642 590 ;
1660 533 1841 597 ergo,
1868 517 2160 596 quamvis

596 613 753 677 illud
778 631 909 675 non
946 611 1134 674 faciat
1155 655 1173 686 ,
1202 628 1335 672 nou
1362 609 1773 690 imputabitur
1812 609 1901 671 iffi
1942 611 2162 690 lapsus

598 707 895 768 humanm
918 703 1275 776 voluntatis,
1304 721 1451 764 cum
1490 721 1621 766 non
1652 707 1943 766 teneatur
1983 703 2162 764 ilium

598 799 822 874 vitare,
843 797 995 879 quia
1015 815 1143 859 non
1170 813 1239 858 se
1265 795 1537 860 haberet
1552 803 1625 858 ut
1648 812 2022 877 cooperans,
2043 794 2164 857 sed

599 897 845 956 tantum
864 898 937 954 ut
952 891 1335 972 permittens.
1358 889 1537 953 Unde
1559 888 1988 961 confirmatur,
2011 906 2163 951 nam

598 985 962 1065 permittere
1002 989 1332 1064 peccatum
1360 982 1553 1045 etiam
1590 982 1658 1043 in
1694 988 2020 1062 assumpta
2051 997 2162 1042 na-

597 1083 779 1155 tura,
806 1095 937 1140 uon
962 1083 1059 1140 est
1084 1075 1421 1138 intrinsece
1452 1075 1721 1149 malum,
1752 1080 1962 1156 potest
1989 1074 2159 1138 enim

600 1189 681 1234 ex
704 1170 875 1233 bono
905 1176 969 1234 et
998 1169 1263 1232 honesto
1298 1168 1429 1231 fine
1456 1170 1735 1250 permitti
1770 1213 1786 1243 ,
1824 1168 1929 1230 vel
1952 1167 2038 1230 ad
2061 1187 2161 1230 os-

598 1263 982 1328 tendendam
1024 1269 1365 1344 assumptae
1402 1267 1641 1326 natum
1679 1263 2010 1324 veritatem
2026 1303 2048 1337 ,
2095 1267 2160 1324 et

598 1357 861 1422 humani
914 1356 1151 1420 arbitrii
1200 1356 1555 1420 libertatem
1580 1401 1597 1430 ,
1648 1356 1755 1418 vel·
1788 1356 1873 1418 ad
1930 1355 2156 1418 divium

598 1451 815 1533 gratim
872 1449 1487 1514 commendationem
1516 1495 1539 1527 ,
1590 1449 1697 1512 vel
1746 1449 2024 1528 danique
2075 1448 2156 1512 ad

597 1543 1035 1627 perfectiorem
1088 1543 1345 1606 laudem
1392 1543 1659 1616 virtutis,
1712 1543 1792 1618 si,
1841 1542 2151 1618 videlicet,

598 1657 745 1703 cum
791 1638 1071 1720 potuerit
1120 1636 1500 1718 transgredi,
1554 1655 1685 1699 non
1724 1638 1917 1700 fuerit
1957 1641 2158 1700 hans-

598 1749 871 1814 gressus.
899 1730 1339 1812 Respondetur
1354 1731 1521 1794 hanc
1540 1730 1992 1812 obligationem
2022 1749 2168 1793 con-

596 1825 935 1888 sidera-tam
960 1825 1029 1886 in
1069 1823 1391 1886 voluntate
1438 1841 1579 1886 crea
1592 1829 1653 1885 ta
1666 1869 1685 1898 ,
1718 1825 1865 1886 oriri
1908 1824 2166 1904 quidem

598 1917 845 1998 exlege
868 1963 885 1991 ,
914 1934 1045 1978 non
1072 1917 1339 1997 positiva
1358 1961 1381 1994 ,
1412 1917 1531 1980 sed
1568 1917 1869 1994 naturali,
1898 1923 2039 1980 orta
2087 1935 2167 1980 ex

596 2010 935 2074 intrinseca
978 2009 1351 2072 rectitudine
1390 2027 1584 2090 quam-
1612 2010 1927 2090 objeotum
1957 2010 2164 2090 ipsum

599 2104 878 2186 requirit,
908 2107 981 2166 ut
1006 2103 1291 2183 operatio
1316 2103 1587 2166 honesta
1615 2104 1730 2176 εἰη
1756 2102 1827 2164 in
1871 2121 2164 2184 suprema

598 2205 811 2261 antem
836 2204 903 2260 et
943 2197 1161 2260 divina
1187 2197 1507 2260 voluntate
1552 2213 1681 2258 uon
1710 2202 1958 2277 oportet
1983 2197 2165 2260 intel·

596 2293 793 2374 ligere
815 2293 975 2373 legis
1002 2290 1480 2371 obligationem,
1505 2290 1618 2353 sed
1645 2291 1845 2354 solam
1870 2297 2165 2356 naturam

596 2385 795 2467 ipsius
839 2385 1212 2458 voluntatis,
1242 2401 1387 2463 quae
1418 2401 1537 2464 per
1580 2402 1653 2447 se
1692 2391 1869 2448 recta
1896 2390 2016 2462 est,
2042 2403 2166 2448 nec

598 2484 807 2560 potest
844 2478 927 2540 ab
956 2495 1033 2541 eo
1067 2477 1239 2558 quod
1264 2476 1603 2540 honestum
1646 2483 1747 2540 est
1768 2478 2046 2542 deviare.
2073 2478 2165 2541 Si-

596 2576 703 2636 cut
735 2573 923 2637 etiam
952 2571 1119 2634 Deus
1142 2571 1399 2634 mentiri
1420 2589 1551 2633 nun
1578 2577 1817 2652 potest,
1844 2589 1976 2634 non
2015 2573 2164 2651 quia

594 2667 739 2747 lege
762 2664 1099 2745 obligetur,
1124 2665 1239 2727 sed
1260 2664 1411 2744 quia
1434 2683 1659 2727 verum
1672 2665 1907 2738 dicere,
1928 2672 2026 2728 est
2051 2683 2166 2747 per

598 2775 669 2820 ee
704 2765 769 2820 et
794 2759 1129 2822 intrinsece
1154 2759 1579 2820 necessarium
1608 2757 1691 2818 ad
1717 2758 1984 2820 honeste
2013 2777 2164 2838 ope-

598 2851 891 2926 randum,
920 2857 982 2913 et
1006 2849 1153 2912 ideo
1180 2851 1387 2912 omnis
1414 2851 1727 2926 voluntas,
1764 2869 1909 2930 quae
1938 2857 2033 2914 est
2061 2870 2163 2914 ca·

596 2963 722 3026 pax
740 2943 1061 3025 precepti,
1080 2943 1161 3006 ad
1182 2945 1305 3005 boc
1322 2941 1672 3024 obligatur3
1690 2943 1903 3006 divina
1920 2951 2156 3017 nutem,

588 3055 735 3118 quae
760 3043 887 3100 ests
906 3055 1069 3116 upra
1110 3053 1369 3099 omnem
1399 3037 1634 3117 legem,
1666 3041 1895 3099 natura
1925 3055 2044 3098 sua
2078 3037 2162 3100 ad

596 3132 721 3194 hec
738 3130 1155 3192 determinata
1178 3136 1291 3193 est.
1318 3130 1497 3192 Unde
1518 3130 1601 3191 ad
1620 3130 2160 3194 confirmationem

544 3251 555 3264 ·
598 3224 1035 3306 respondetur,
1062 3223 1254 3304 quod,
1280 3223 1426 3285 licet
1446 3225 1807 3304 permittere
1833 3232 2161 3304 peccatum

597 3321 663 3382 iu
696 3318 917 3380 alienis
962 3315 1385 3380 voluntatibus
1414 3316 1494 3379 sit
1534 3318 1615 3379 de
1656 3335 1727 3380 se
1768 3317 2012 3380 bonum
2057 3319 2160 3381 vel

596 3410 988 3488 indifferens,
1017 3416 1229 3473 tamen
1252 3409 1415 3472 illud
1450 3411 1815 3490 permittere
1843 3411 1909 3472 in
1936 3411 2160 3474 volun—

594 3511 724 3569 tate
753 3511 993 3568 naturai
1020 3510 1386 3584 assumptis,
1414 3505 1714 3585 quaejam
1742 3511 1841 3568 est
1868 3507 2160 3568 voluntas

596 3599 793 3680 ipsius
812 3600 925 3662 Dei
948 3615 1065 3680 per
1093 3599 1414 3673 unionem,
1438 3605 1539 3660 est
1566 3613 1644 3660 ex
1670 3599 1917 3679 objecto
1940 3599 2162 3661 intrin-

596 3711 741 3757 sece
768 3693 1031 3769 malum,
1054 3693 1225 3756 unde
1250 3709 1381 3754 non
1406 3697 1617 3772 potest
1642 3708 1722 3754 ex
1744 3691 1877 3754 fine
1898 3692 2160 3756 honeste

594 3787 772 3860 fieri.
804 3787 1004 3870 magis
1043 3801 1235 3865 quam
1274 3785 1549 3848 mentiri.
1582 3785 1657 3847 Et
1692 3783 1837 3846 idco
1874 3783 2161 3848 couside-

594 3881 797 3943 randa
835 3879 1020 3942 valde
1062 3885 1158 3942 est
1198 3877 1551 3941 differentia
1580 3877 1749 3940 inter
1770 3877 2159 3942 voluntatem

594 3973 819 4037 Christi
846 3979 910 4036 et
933 3973 1089 4035 alias
1110 3973 1495 4045 voluntatem
1518 3988 1669 4032 nam
1692 3978 1986 4051 respectu
2009 3971 2161 4034 alia·

595 4085 735 4132 rum
780 4083 851 4129 so
888 4067 1049 4146 gerit
1094 4067 1259 4127 Deus
1292 4070 1365 4127 ut
1409 4079 1598 4126 causa
1644 4064 2018 4126 universalis
2045 4083 2158 4145 per

596 4161 955 4241 generalem
1004 4158 1486 4239 providentiam,
1528 4155 1611 4220 ad
1652 4173 1843 4236 quam
1888 4159 2158 4238 pertinet

594 4253 927 4334 permissio
954 4250 1227 4332 peccati3
1260 4257 1553 4330 respectu
1580 4255 1789 4312 autem
1816 4251 2156 4314 voluntatis

592 4345 819 4408 Christi
842 4345 1035 4405 habet
1048 4343 1433 4423 singularem
1456 4341 1892 4404 habitudinem
1919 4343 2158 4423 proprii

594 4437 923 4519 suppositi,
949 4442 1016 4500 et
1038 4435 1185 4498 ideo
1204 4435 1506 4515 peculiari
1526 4435 1715 4496 modo
1736 4433 1907 4496 illam
1930 4435 2157 4514 guber-

594 4538 728 4605 nat,
758 4531 1021 4611 ejusque
1046 4527 1400 4592 rectitudini
1428 4534 1492 4590 et
1515 4529 1831 4590 honestati
1858 4528 2148 4590 consulit.

675 4627 777 4685 11.
814 4621 1081 4704 objectio
1108 4619 1776 4701 metm—Responsio.
1796 4621 2026 4684 -Sed
2053 4639 2155 4684 ur-

597 4716 771 4800 gebis
798 4715 1056 4778 tandem
1072 4758 1094 4792 ‚
1126 4713 1276 4794 quia
1308 4714 1591 4776 voluntas
1618 4713 1832 4776 divina
1874 4731 2155 4776 commu·

596 4813 692 4875 nis
720 4817 815 4872 est
832 4810 999 4871 Patri
1036 4815 1103 4871 et
1122 4807 1381 4888 Spiritui
1419 4809 1669 4882 Sancto,
1698 4808 1851 4887 quia
1877 4808 2050 4870 nullo
2079 4809 2154 4869 ti-

596 4906 729 4967 tulo
756 4919 869 4965 seu
910 4903 1153 4965 ratione
1181 4908 1476 4966 tenentur
1497 4945 1514 4974 ,
1540 4908 1613 4962 ut
1644 4901 1735 4964 ita
1758 4901 1963 4964 dicam
1987 4947 2008 4977 ,
2041 4902 2149 4964 illo

596 4996 849 5078 speciali
876 4993 1066 5058 modo
1092 4994 1411 5059 custodire
1438 5000 1502 5056 et
1546 5011 1768 5074 regere
1806 4995 2151 5058 humanam

592 5092 980 5155 voluntatem
992 5103 1013 5166 ;
1046 5106 1196 5168 ergo
1238 5105 1358 5149 nec
1385 5086 1685 5150 Verbum.
1716 5087 2152 5167 Respondetur

592 5184 889 5268 negando
926 5181 1466 5261 consequentiam,
1490 5182 1641 5261 quia
1666 5181 1956 5244 voluntas
1985 5180 2147 5244 divi-

591 5299 677 5342 na
722 5280 805 5342 ita
854 5283 951 5339 est
994 5275 1347 5337 communis
1388 5273 1587 5336 tribus
1618 5274 1939 5353 personis,
1970 5281 2042 5337 ut
2065 5274 2148 5336 sit

1838 327 2076 390 QUAEST.
2111 327 2216 380 ΧΥ.
2251 329 2453 383 Anne.
2489 331 2550 385 n.

2240 425 2386 489 ideo
2415 428 2553 490 haec
2585 441 2742 488 cura
2767 425 3064 504 regendus
3093 425 3424 490 voluntatis
3451 441 3710 514 assumpta
3806 457 3807 460 ¹

2239 537 2356 602 per
2378 537 2448 582 se
2477 518 3090 600 primopertiuetod
3114 519 3390 585 Verbum
3406 563 3426 596 ,
3449 524 3604 604 cujus
3631 528 3708 590 hu.
3806 559 3807 564 η

2241 631 2432 676 mana
2449 617 2688 674 -natura
2719 629 2834 674 suo
2863 611 3054 674 modo
3087 613 3342 692 propria
3364 611 3516 677 facta
3541 625 3622 678 est
3639 639 3713 699 per
3805 623 3808 660 ὲ

2244 706 2760 786 assumptionem,
2783 707 2968 770 Pater
2990 711 3205 768 anilem
3235 713 3302 767 et
3325 707 3564 787 spititus
3576 712 3713 777 Sanc-
3806 717 3807 736 ²

2239 805 2348 864 tus
2375 799 2736 863 discordare
2771 817 2898 860 non
2927 804 3261 878 pessuma
3287 799 3417 861 Filii
3445 803 3710 882 voluntate,
3806 823 3807 844 *

2239 895 2309 956 iu
2328 911 2524 975 quam
2547 893 2736 956 etiam
2758 897 3249 967 consenuerunt,
3287 891 3532 971 quande
3555 895 3710 959 limna-
3806 903 3807 942 l

2241 1005 2392 1052 nam
2413 1006 2492 1050 na
2499 993 2706 1050 turam
2727 1001 3010 1067 personae
3027 983 3219 1046 Yerbi
3241 986 3418 1047 unire
3437 987 3712 1052 voluerunt.
3806 995 3807 1032 ³

2240 1079 2454 1143 Manet
2479 1097 2630 1161 ergo
2655 1081 2815 1142 ratio
2829 1078 2994 1140 facta
3019 1077 3244 1153 solida,
3265 1093 3408 1158 quai
3425 1078 3715 1148 fundamen·
3805 1087 3807 1148 ἴ

2239 1173 2384 1236 talis
2411 1179 2506 1236 est
2542 1174 2614 1236 >in
2641 1174 2758 1234 hac
2783 1171 3070 1234 materia.
3109 1171 3318 1233 Aliam
3345 1187 3490 1234 vero
3517 1183 3716 1254 postse-

2240 1273 2540 1349 qnentem
2567 1265 3036 1330 conclusionem
3065 1265 3486 1346 subjiciemus.
3677 1279 3682 1286 ·

2322 1363 2424 1424 12.
2443 1361 2526 1424 In
2541 1365 2772 1424 meum
2798 1376 2837 1421 a
2871 1359 3052 1426 Vasco
3071 1363 3416 1438 mapsa,
3441 1377 3510 1423 se
3529 1379 3618 1442 por
3635 1381 3712 1426 m

2235 1455 2378 1519 dm
2405 1451 2640 1536 quidam
2659 1453 2926 1524 mins,
2941 1457 3256 1535 pacem
3276 1452 3521 1534 atiquo&
3537 1473 3636 1520 em
3648 1475 3717 1540 pc

2237 1554 2378 1614 tut.
2401 1579 2484 1598 -·
2503 1547 2654 1610 Dico
2685 1563 2843 1627 ergo
2861 1546 3144 1608 secundo
3171 1561 3190 1608 ε
3215 1562 3346 1609 non
3369 1551 3556 1627 potest
3576 1552 3627 1610 in
3646 1552 3719 1612 lm-

2247 1659 2440 1706 mana
2473 1647 2700 1702 natura
2742 1656 2780 1701 a
2813 1637 3024 1702 Verbo
3047 1645 3377 1718 assumpta
3407 1657 3536 1702 esse
3567 1661 3718 1723 pecea-
3790 1645 3807 1710 ,ἓ

2245 1740 2382 1798 tum
2421 1733 2676 1813 aliquod
2717 1751 2834 1813 per
2879 1729 3142 1794 modum
3170 1731 3426 1794 habitus
3439 1779 3459 1810 ,
3489 1736 3640 1813 quale
3661 1745 3718 1798 est

2247 1827 2573 1908 originale,
2601 1831 2714 1888 aut
2733 1827 2986 1890 macula
3015 1841 3158 1904 quoe
3181 1841 3266 1888 ox
3295 1825 3516 1888 actuali
3535 1835 3717 1907 peccalo
3805 1831 3808 1872 1

2245 1921 2640 2000 relinquitur.
2691 1918 2838 1983 fleo
2885 1918 3200 1982 conclusio
3257 1918 3464 1984 differt
3495 1939 3526 1981 a
3553 1937 3718 1999 praeeo-
3805 1927 3808 1966 1

2245 2015 2446 2090 denti,
2469 2018 2536 2078 et
2561 2011 2853 2092 quamvis
2871 2013 2958 2075 sit
2981 2029 3156 2088 vera,
3197 2010 3413 2074 miuus
3435 2019 3618 2076 tamen
3639 2031 3716 2076 eer-

2244 2115 2344 2183 ta;
2375 2127 2456 2172 ex
2482 2105 2876 2170 conclusione
2909 2105 3082 2168 enim
3102 2105 3484 2184 pmcedenti
3509 2114 3717 2171 recisse

2243 2203 2460 2281 quitur
2479 2219 2610 2263 non
2639 2215 2830 2280 posse
2856 2216 3001 2262 esse
3033 2198 3100 2260 in
3127 2197 3518 2262 humanitate
3541 2217 3719 2262 essm

2245 2301 2354 2378 pta
2410 2295 2724 2358 maculam
2779 2294 3056 2372 aliquam
3123 2309 3204 2354 ex
3261 2295 3509 2374 proprio
3561 2295 3715 2355 actuali

2243 2395 2508 2470 peccato
2551 2392 2696 2468 post
2744 2387 3038 2448 unionem
3095 2387 3434 2448 consuisse
3475 2385 3716 2460 relictam
3805 2393 3808 2429 ὲ

2241 2491 2462 2565 posset
2485 2488 2698 2546 autem
2719 2481 3012 2562 intelligi,
3037 2479 3323 2544 Verbum
3349 2495 3631 2542 assumere
3651 2497 3718 2539 na·
3805 2485 3808 2524 1

2244 2581 2450 2639 turam
2495 2593 2610 2656 per
2657 2573 3020 2637 seminalem
3061 2575 3531 2655 generationem
3565 2589 3717 2634 eonce-

2241 2677 2440 2750 ptam,
2463 2668 2890 2732 contrahendo
2909 2669 2976 2729 in
2995 2667 3104 2729 illa
3119 2669 3494 2749 originalem
3515 2667 3712 2747 culpam.

2241 2779 2384 2844 qum
2415 2781 2546 2826 non
2579 2779 2660 2825 ex
2688 2762 2942 2843 proprio
2969 2767 3150 2837 actu,
3189 2762 3309 2824 sed
3335 2779 3414 2824 ex
3448 2761 3640 2824 infecta
3659 2779 3716 2820 ra·

2241 2857 2382 2920 dice
2411 2857 2718 2937 originem
2763 2854 2977 2918 trahit.
3025 2855 3246 2917 Posset
3285 2856 3472 2917 etiam
3511 2852 3712 2931 intelligi,

2241 2949 2520 3014 Verbum
2561 2966 2886 3011 assumere
2921 2953 3216 3010 naturam
3259 2965 3404 3029 quse
3435 2949 3588 3028 prius
3615 2951 3716 3006 tem-

2240 3059 2400 3124 pore
2437 3043 2504 3104 in
2531 3042 2782 3122 proprio
2825 3041 3147 3122 supposito
3181 3041 3577 3111 substitisset,
3603 3043 3652 3097 st
3679 3035 3716 3094 in
3805 3097 3807 3102 ι

2241 3155 2320 3199 eo
2363 3141 2532 3199 essct
2557 3135 2820 3197 maculis
2840 3140 3248 3215 >peccatorum
3280 3133 3502 3197 infecta
3517 3178 3536 3208 ‚
3556 3127 3717 3210 quibus

2243 3231 2434 3293 mam
2461 3237 2604 3310 post
2627 3229 2928 3291 unionem
2948 3227 3286 3308 subjacere
3313 3226 3714 3310 permitterem.

2239 3327 2374 3388 Boc
2405 3325 2576 3387 euim
2607 3339 2746 3385 esse
2777 3323 3160 3404 impossibile
3181 3367 3200 3396 ‚
3224 3339 3362 3384 non
3387 3319 3610 3382 videtur
3625 3331 3717 3394 pro-

2238 3418 2376 3482 bari
2395 3417 2638 3479 ratione
2655 3415 2824 3480 facta
2837 3433 2956 3498 pro
2975 3415 3382 3478 conclusione
3398 3405 3715 3494 pmdentiz

2239 3509 2648 3574 nihilominus
2673 3516 2890 3572 tamen
2929 3507 3200 3586 dicimus
3224 3508 3352 3570 hoc
3381 3523 3514 3568 esse
3547 3504 3717 3579 impos-

2241 3602 2444 3664 sibile.
2475 3603 2552 3664 Et
2571 3602 2916 3683 imprimis,
2945 3601 3120 3681 quod
3147 3601 3232 3664 ad
3258 3605 3570 3682 peccatum
3587 3589 3717 3668 migi-

2239 3695 2386 3758 nate
2419 3695 2681 3770 attinet,
2715 3699 2960 3757 constat
2981 3693 3054 3755 in
3083 3695 3328 3757 Christo
3351 3708 3478 3756 uon
3509 3683 3717 3770 potuisse

2239 3787 2476 3850 habere
2513 3787 2762 3864 locum,
2793 3787 3114 3866 supposito
3143 3787 3337 3851 modo
3373 3773 3718 3860 conceptionis

2239 3897 2392 3953 sum,
2423 3879 2572 3959 qnia
2611 3897 2742 3942 nou
2770 3879 2958 3942 traxit
2987 3879 3298 3960 originem
3333 3879 3416 3941 ab
3437 3874 3640 3938 intecta
3655 3883 3716 3928 ra·

2239 3973 2404 4036 dice.
2435 3971 2702 4047 Deinde,
2727 3974 2921 4034 etiam
2943 3973 3142 4052 siper
3167 3970 3532 4037 seminalem
3558 3975 3716 4046 pmpfl·

2239 4066 2559 4147 gatiouem
2605 4066 3060 4147 conciperetur,
3101 4067 3162 4128 si
3195 4075 3602 4148 supponamus
3633 4053 3714 4116 fw-

2237 4165 2366 4222 tam
2413 4176 2554 4221 esse
2595 4159 2899 4222 unionem
2939 4179 2977 4221 a
3017 4159 3224 4242 prime
3272 4155 3520 4222 instanti
3559 4163 3715 4213 conor

2235 4252 2470 4332 ptionis
2495 4251 2660 4331 ejus,
2685 4252 2876 4316 etiam
2895 4271 3026 4317 non
3051 4259 3262 4334 posset
3289 4273 3370 4316 ex
3393 4247 3597 4313 vitalis
3615 4254 3715 4301 0⁰¹¹·

2235 4345 2540 4425 captionis
2571 4351 2902 4426 peccatum
2947 4346 3254 4428 originale
3281 4342 3648 4409 cono-ahere,
3672 4333 3714 4389 πί

2235 4439 2399 4502 bene
2425 4446 2654 4503 uectat
2675 4439 2980 4512 Ananim,
3011 4440 3122 4502 lib.
3155 4443 3197 4504 2
3215 4441 3353 4503 'Cur
3381 4441 3534 4501 Deus
3555 4433 3711 4491 homo,

2235 4549 2374 4614 cap.
2411 4534 2512 4608 16,
2543 4538 2608 4594 et
2627 4532 2736 4596 lib.
2769 4533 2847 4596 ds
2862 4532 3180 4614 Concepto
3207 4529 3508 4615 virginali,
3535 4539 3646 4602 ων·
3663 4514 3715 4620 {⁸

2235 4633 2302 4689 et
2319 4630 2418 4690 w.
2437 4628 2512 4688 Et
2523 4631 2730 4706 potest
2743 4629 2862 4689 hoc
2877 4627 3070 4688 modo
3091 4645 3174 4689 ex
3185 4645 3378 4708 supra
3389 4620 3555 4688 dictis
3573 4609 3713 4712 0¹P¹!'

2231 4719 2364 4781 cari
2383 4763 2404 4796 ,
2446 4719 2602 4798 quia
2633 4721 2844 4782 anima
2871 4721 3194 4782 rationalis
3216 4739 3346 4783 non
3389 4704 3712 4798 priosinfio·

2231 4817 2334 4874 ωι-
2363 4818 2618 4892 peccato
2661 4813 2948 4893 originali
2972 4831 3166 4894 qoam
3193 4813 3478 4876 informat
3500 4811 3708 4879 colvm?

2233 4905 2348 4968 sed
2369 4905 2576 4985 potius
2603 4923 2640 4966 e
2667 4906 3006 4981 contrario,
3037 4906 3216 4985 prius
3239 4912 3460 4969 natura
3483 4888 3710 4960 informat

2229 5017 2458 5078 corpus
2483 5015 2672 5076 quam
2705 5005 2964 5078 peccato
2991 5000 3288 5080 originali
3315 4992 3650 5062 maculatur,
3667 4981 3709 5036 Εἴ

2229 5091 2511 5153 similiter
2567 5097 2696 5154 tota
2751 5092 3027 5154 humana
3061 5101 3310 5156 natura·
3335 5091 3498 5174 pri-us
3541 5082 3708 5179 natura

2229 5183 2600 5262 intelligitur
2639 5183 2978 5248 subsistere
3023 5187 3090 5246 in
3139 5187 3390 5266 propfio
3433 5169 3703 5256 supp⁰⁵¹¹⁰¹

2226 5293 2418 5358 quam
2447 5277 2820 5340 contrahere
2841 5278 3143 5358 originale
3173 5287 3520 5360 peccatum3
3550 5267 3706 5327 osten-

592 5373 783 5437 etiam
820 5369 1075 5452 propria
1106 5365 1491 5448 singularum
1518 5413 1534 5435 .
1584 5385 1713 5430 non
1758 5369 1969 5430 minus
2010 5385 2148 5447 per·
2225 5387 2364 5432 sum
2391 5370 2689 5432 automin
2715 5371 3142 5450 superior-ihus
3161 5379 3278 5446 est,
3307 5373 3612 5434 humanam
3627 5366 3705 5454 1¹5²:
3806 5387 3807 5452 3

592 5469 751 5532 fecte
772 5483 967 5546 quam
996 5463 1047 5526 sl
1076 5463 1571 5543 uniuscujusque
1594 5465 1835 5525 tantum
1858 5468 2062 5537 essen
2085 5467 2148 5524 et
2229 5468 2434 5525 turam
2481 5470 2867 5544 assumptam
2915 5463 2980 5526 in
3025 5483 3144 5530 sua
3171 5462 3552 5545 conceptione
3585 5455 3702 5510 ⁰⁰³¹
