3892 6167
512 369 630 432 522

508 563 613 626 bio
638 565 699 637 1,
730 563 843 628 ubi
880 563 987 636 ait,
1026 561 1246 646 Christi
1274 562 1731 626 humanitatem
1761 581 1890 624 non
1936 579 2077 623 esse

512 656 895 737 adoptatam,
918 657 1067 735 quia
1088 675 1215 718 non
1241 656 1432 719 habet
1450 673 1591 718 esse
1609 657 2071 738 participatum,

510 750 625 814 sed
651 752 856 831 ipsum
886 769 1023 812 esse
1052 750 1383 830 personale
1406 751 1518 812 Dei
1548 771 1563 824 ;
1596 769 1863 828 eamque
1898 750 2077 812 diffe-

510 846 779 908 rentiam
806 843 1180 925 nignifieavit
1203 843 1615 923 Augustinus,
1650 845 1759 906 lib.
1793 845 1871 905 de
1898 843 2070 906 Trin.

511 945 577 1003 et
598 939 756 1002 unit.
786 939 920 1015 Dei,
948 956 1005 1000 c.
1043 939 1142 1014 ss,
1170 943 1219 1000 t.
1241 941 1303 1014 4,
1337 937 1592 1000 dicens:
1628 938 1795 1002 Sunt
1820 937 1933 1000 icti
1952 936 2079 1017 filii

510 1035 743 1116 petia,
771 1031 881 1096 ille
918 1037 1170 1109 natura,
1214 1033 1361 1112 quia
1396 1031 1465 1094 in
1507 1030 1655 1096 istis
1674 1030 2076 1111 participatio

510 1128 881 1202 divinitatis,
904 1128 971 1190 in
996 1127 1105 1190 ino
1130 1127 1461 1206 punienda
1488 1127 1772 1206 quamvis
1794 1125 1964 1187 enim
1991 1142 2066 1188 eo

509 1221 669 1296 loco,
700 1219 778 1282 de
802 1221 952 1283 Filio
974 1220 1321 1282 secundum
1340 1220 1729 1282 divinitatem
1752 1218 2068 1298 loquatur,

506 1321 718 1396 potest
744 1321 955 1378 tamen
1010 1332 1089 1376 ex
1134 1314 1255 1378 illis
1295 1315 1505 1376 verbis
1558 1314 1723 1376 sumi
1762 1331 1891 1374 non
1932 1312 2072 1374 leve

502 1413 953 1488 argumentum
1001 1427 1040 1472 a
1086 1407 1295 1472 simili.
1328 1409 1609 1486 Denique
1658 1409 1824 1470 hanc
1864 1408 2072 1486 ipsam

510 1501 929 1565 differentiam
970 1502 1269 1566 indicavit
1294 1519 1463 1582 saepe
1502 1501 1845 1566 Concilium
1876 1499 2073 1564 Frau-

512 1597 631 1660 cot'.
660 1598 725 1657 in
771 1597 975 1660 verbis
1026 1598 1091 1660 in
1120 1597 1427 1678 principio
1468 1597 1670 1660 citatis
1710 1597 1777 1657 in
1827 1597 2070 1660 ratione

508 1690 865 1764 dubitandi,
894 1696 957 1753 ot
978 1692 1043 1754 in
1064 1691 1277 1754 multis
1295 1691 1432 1754 aliis
1456 1709 1597 1772 quas
1620 1697 1958 1754 occurrent
1981 1691 2072 1754 fa-

512 1785 629 1848 cile
656 1791 893 1848 attente
924 1785 1183 1865 legenti.

592 1883 655 1944 9.
699 1881 1125 1944 Iactantia-
1140 1879 1262 1942 Sed
1286 1877 1541 1944 instabit
1561 1877 1814 1956 aliquis,
1838 1895 1990 1940 nam
2019 1878 2072 1940 si

510 1974 791 2036 rationes
838 1971 1021 2036 factas
1072 1973 1416 2036 efficaciter
1476 1972 1749 2053 probant
1804 1973 2072 2052 gratiam

512 2067 767 2129 unionis
806 2085 939 2128 non
991 2085 1131 2130 esse
1175 2067 1604 2148 adoptionem,
1628 2071 1889 2147 propter
1929 2083 2072 2130 eam

462 2151 469 2156 ’
510 2162 942 2226 excellentiam
962 2162 1027 2226 in
1056 2181 1181 2244 qua
1211 2165 1467 2242 superet
1498 2161 1763 2242 gratiam
1788 2159 2076 2224 habitua-

510 2256 661 2333 lem,
690 2256 1001 2320 similibus
1024 2257 1370 2320 rationibus
1418 2256 1675 2338 probari
1699 2257 1954 2336 poterit,
1983 2256 2074 2318 in·

508 2349 817 2414 fusionem
847 2351 1064 2432 gratiae
1091 2350 1426 2414 habitualis
1465 2369 1590 2412 non
1618 2369 1761 2412 esse
1790 2349 2076 2430 adoptio-

504 2461 658 2506 nem
695 2445 948 2526 proprie
992 2451 1055 2508 et
1080 2445 1149 2506 in
1170 2445 1408 2525 rigore,
1440 2444 1554 2506 sed
1580 2442 1826 2522 aliquid
1866 2443 2075 2522 majus

507 2536 847 2618 adoptione
872 2544 1129 2619 propter
1160 2539 1593 2602 excellentiam
1623 2539 1688 2599 in
1718 2555 1845 2617 qua
1880 2553 2076 2616 supe-

508 2638 608 2694 rat
625 2632 971 2696 humanam
1000 2632 1426 2713 adoptionem.
1451 2633 1733 2696 Primum
1754 2631 1927 2694 enim
1955 2632 2074 2694 hu-

511 2743 703 2788 mana
749 2726 1025 2807 adoptio,
1058 2731 1129 2790 ut
1162 2728 1551 2804 dicebamus,
1581 2727 1647 2790 in
1675 2727 1809 2790 solo
1838 2726 2072 2790 affectu

502 2825 579 2883 et
602 2819 1039 2884 benevolentia
1075 2819 1430 2902 adoptantis
1450 2821 1755 2895 consistit,
1780 2827 1847 2884 et
1872 2821 1936 2882 in
1967 2819 2071 2882 illa

513 2919 577 2975 et
608 2931 723 2994 per
750 2914 927 2978 illam
954 2915 1303 2979 formaliter
1328 2913 1674 2996 perficitur,
1710 2915 1861 2992 quia
1898 2913 2070 2976 nullo

514 3007 702 3070 modo
728 3011 825 3070 est
852 3009 1203 3087 generatio,
1222 3027 1343 3072 nec
1370 3008 1558 3072 realis
1586 3007 2072 3070 communicatio

512 3107 752 3164 naturoe
784 3101 1141 3181 adoptantis
1176 3107 1466 3184 respectu
1496 3101 1805 3181 adoptati,
1839 3107 1901 3164 et
1927 3100 2070 3163 ideo

514 3195 707 3258 etiam
756 3214 794 3256 a
850 3195 1231 3276 jurisperitis
1296 3195 1692 3260 existimatur
1769 3200 2072 3274 tanquam

513 3287 803 3366 quasdam
860 3288 1027 3352 fictio
1077 3289 1261 3370 juris,
1294 3289 1470 3369 tquia
1508 3306 1622 3368 per
1680 3286 1854 3349 illam
1883 3287 2074 3348 habe·

514 3389 617 3444 tur
634 3388 705 3444 ut
725 3381 916 3456 filius,
955 3384 1065 3462 qui
1092 3401 1313 3446 revera
1350 3381 1517 3444 filius
1562 3399 1689 3442 non
1720 3387 1844 3460 est3
1878 3386 1943 3442 at
1966 3399 2075 3442 ve-

510 3495 581 3538 ro
606 3476 969 3555 justificatio
998 3494 1131 3538 non
1170 3483 1265 3540 est
1318 3476 1491 3538 solus
1543 3475 1807 3538 affectus
1836 3474 2071 3536 extrin-

510 3587 695 3632 secus
714 3570 851 3645 Dei,
886 3570 1175 3650 quamvis
1204 3571 1287 3632 ab
1309 3570 1415 3631 illo
1458 3569 1792 3650 procedat3
1826 3568 1941 3630 sed
1981 3572 2073 3628 est

512 3663 803 3742 quaedam
856 3663 1065 3726 divina
1128 3663 1449 3742 generatio
1506 3680 1653 3724 vera
1677 3709 1693 3736 ,
1748 3661 1939 3722 realis
1999 3679 2074 3722 ac

512 3759 787 3840 physica,
838 3758 1127 3837 quamvis
1174 3756 1613 3830 accidentalis3
1664 3762 1729 3818 et
1766 3775 1881 3836 per
1932 3771 2073 3816 eam

510 3854 679 3916 Deus
708 3852 1131 3916 communicat
1162 3869 1343 3914 suam
1378 3858 1673 3913 naturam
1694 3899 1711 3926 ,
1754 3851 1901 3912 licet
1944 3868 2073 3910 non

514 3948 595 4010 ad
636 3948 1055 4026 aequalitatem
1086 3995 1103 4024 ‚
1161 3947 1273 4010 sed
1326 3945 1675 4010 secundum
1733 3945 2076 4026 quamdam

512 4041 1077 4126 participationem.
1097 4041 1256 4104 Addi
1288 4041 1479 4104 etiam
1506 4044 1737 4120 potest,
1771 4057 1884 4120 per
1909 4039 2076 4100 hanc

512 4135 821 4197 actionem
848 4151 974 4196 non
1010 4135 1212 4196 solum
1239 4135 1707 4196 communicare
1738 4135 1937 4196 Deum
1964 4150 2076 4196 sua

510 4227 679 4288 bona
726 4234 957 4300 creata,
1000 4229 1114 4291 sed
1169 4229 1356 4290 etiam
1400 4247 1467 4292 se
1508 4229 1737 4310 ipsum,
1770 4227 1873 4290 vel
1923 4244 2077 4305 qua·

510 4325 697 4380 tenus
726 4320 909 4398 justis
936 4321 1122 4384 datur
1162 4325 1431 4400 ipsamet
1478 4339 1751 4400 persona
1806 4319 2074 4400 Spiritus

515 4414 722 4476 Sancti
775 4415 1031 4496 speciali
1079 4415 1291 4491 modo,
1321 4416 1421 4478 vel
1463 4421 1770 4496 quatenus
1808 4415 2078 4494 ipsamet

514 4507 786 4570 essentia
838 4506 1049 4570 divina
1094 4509 1312 4570 unitur
1365 4508 1567 4570 beatis
1614 4509 1679 4570 in
1727 4508 1955 4587 patria.
2007 4509 2076 4570 In

515 4600 743 4680 quibus
812 4601 1101 4664 omnibus
1140 4602 1409 4666 multum
1472 4608 1723 4682 superat
1773 4601 2080 4682 justifica-

513 4696 597 4756 tio
639 4693 775 4756 haec
818 4693 1093 4756 filiorum
1113 4696 1229 4758 Dei
1276 4695 1679 4776 adoptionem
1702 4697 2073 4771 humanam,

514 4794 577 4850 et
623 4787 814 4870 longe
852 4788 1111 4852 alterius
1158 4790 1421 4852 rationis
1478 4793 1603 4864 est;
1642 4807 1817 4870 ergo,
1849 4787 1947 4850 vel
1995 4788 2076 4850 ob

512 4881 677 4942 lianc
728 4899 987 4944 causam
1014 4883 1381 4964 negandum
1420 4889 1525 4946 est
1554 4883 1721 4946 illam
1760 4901 1899 4947 esse
1930 4899 2076 4962 pro-

510 4975 717 5056 priam
756 4980 820 5038 et
862 4975 1195 5038 formalem
1224 4977 1649 5056 adoptionem,
1678 4976 1789 5040 sed
1841 4977 2076 5057 aliquid

514 5069 930 5143 eminentius;
974 5071 1074 5130 vel
1126 5069 1199 5144 si,
1246 5070 1367 5132 bac
1416 5069 1767 5132 differentia
1798 5088 1931 5132 non
1966 5069 2078 5132 oh-

514 5168 749 5238 stante,
770 5161 998 5224 dieitur
1014 5161 1379 5241 justificatio
1408 5181 1667 5225 manere
1696 5165 1863 5226 intra
1888 5164 2079 5226 ratio-

514 5275 661 5320 nem
685 5255 1067 5339 adoptionis,
1099 5257 1245 5334 quia
1284 5275 1415 5318 non
1448 5261 1736 5338 pervenit
1761 5257 1840 5318 ad
1876 5257 2082 5322 excel-

513 5351 771 5417 lentiam
810 5369 977 5414 verae
1028 5357 1089 5414 et
1139 5353 1445 5416 naturalis
1490 5352 1915 5432 generationis
1944 5352 2080 5415 Filii

513 5447 651 5518 Dei,
686 5446 831 5508 licet
878 5445 961 5508 sit
1009 5443 1297 5525 quaedam
1352 5445 1759 5509 emellentior
1794 5443 2074 5526 adoptio,

506 5537 741 5600 eadem
782 5539 1051 5602 ratione·
1074 5539 1319 5602 dicetur
1364 5539 1567 5617 gratia
1616 5537 1870 5602 unionis
1929 5557 2075 5603 esse

1704 371 1939 434 QUAEST.
1975 369 2151 424 xxm.
2185 367 2384 422 An'ric.
2421 367 2508 420 lv.

506 469 713 548 tetigit
763 467 1059 544 Palacios,
1092 467 1157 530 in
1195 470 1255 543 3,
1290 467 1351 528 d.
1391 469 1491 543 1⁰,
1522 467 1683 550 disp.
1714 469 1927 542 unica,
1964 467 2080 529 du-

2161 463 2454 543 qumdam
2481 462 2664 526 altior
2699 468 2764 526 et
2813 462 3188 526 eminentior
3209 462 3493 544 adoptio,
3529 482 3700 544 quam

2159 561 2240 624 sit
2285 579 2412 624 non
2463 560 2671 624 solum
2727 561 3040 638 humana,
3089 559 3200 627 sed
3257 559 3456 624 etiam
3513 561 3698 628 divina

2157 673 2272 736 per
2317 657 2588 736 gratiam
2635 662 2936 732 creatam,
2969 672 3102 718 non
3137 655 3595 718 transcendere
3615 677 3699 722 ve·

2157 766 2228 811 ro
2271 749 2580 812 rationem
2609 749 2990 830 adoptionis,
3021 749 3166 828 quia
3195 749 3388 812 etiam
3421 768 3558 812 non
3584 770 3696 830 per-

2155 843 2340 920 tingit
2367 842 2450 906 ad
2503 842 2952 924 perfectionem
2988 843 3254 923 propriae
3306 847 3372 903 et
3415 845 3698 906 naturalis

2159 938 2582 1017 generationis
2610 937 2746 1000 Filii
2779 939 2911 1013 Dei,
2945 953 3156 1015 neque
3199 933 3452 1002 confert
3493 936 3598 1016 jus
3637 941 3696 1000 ad

2158 1031 2612 1094 beatitudinem
2647 1049 2766 1112 per
2807 1029 3165 1106 essentiam,
3213 1029 3336 1094 sed
3371 1028 3582 1092 solnm
3639 1033 3702 1094 ad

2151 1125 2700 1207 participationem
2728 1125 2890 1205 ejus.

2236 1221 2333 1282 10.
2380 1221 2884 1300 Repo-obdun—
2907 1219 3356 1302 Respondetm
3375 1218 3512 1282 hoe
3555 1237 3704 1299 argu-

2151 1321 2368 1376 mento
2398 1313 2637 1378 moveri
2661 1315 2967 1396 potuisse,
3001 1314 3112 1394 qui
3140 1313 3419 1393 gratiam
3455 1311 3704 1388 unionis,

2153 1409 2555 1490 adoptionem
2585 1409 3004 1490 appellarunt,
3039 1408 3212 1488 quod
3240 1407 3374 1468 lato
3406 1409 3479 1468 et
3511 1405 3706 1485 impro-

2151 1503 2290 1583 prio
2317 1502 2506 1564 modo
2550 1501 2792 1566 dictum
2837 1519 3003 1578 esse,
3041 1501 3234 1564 etiam
3273 1499 3548 1563 Gabriel
3595 1501 3700 1580 ipse

2153 1596 2482 1660 confessus
2511 1598 2630 1658 est.
2661 1597 2788 1659 Nos
2813 1613 2966 1658 vero
3015 1613 3332 1676 negamus
3371 1593 3708 1676 proportio-

2151 1707 2302 1754 nem
2329 1696 2390 1754 et
2423 1691 2757 1770 paritatem
2795 1690 3081 1766 rationis,
3111 1709 3264 1752 nam
3323 1689 3392 1750 in
3421 1687 3710 1770 justifica-

2151 1784 2326 1848 tione
2355 1791 2644 1848 servatnr
2663 1785 2920 1866 proprie
2956 1803 3030 1848 ac
3075 1783 3438 1848 formaliter
3469 1781 3544 1844 id
3571 1784 3710 1861 quod

2153 1884 2250 1941 est
2299 1878 2380 1942 de
2440 1879 2684 1942 ratione
2730 1879 3110 1960 adoptionis.
3157 1896 3396 1958 nempe
3447 1877 3622 1956 quod
3655 1876 3711 1938 sit

2156 1973 2429 2054 gratuita
2453 1972 2745 2054 quadam
2771 1972 3120 2054 assumptio
3141 1990 3258 2034 seu
3283 1971 3712 2052 acceptatioad

2154 2066 2596 2130 haereditatem
2624 2083 2916 2147 personae
2953 2073 3268 2128 extranee
3311 2082 3644 2136 concessa,
3667 2065 3714 2125 id

2155 2168 2272 2238 est,
2296 2179 2437 2242 qum
2467 2179 2548 2222 ex
2573 2179 2642 2224 se
2671 2161 2918 2222 nullum
2931 2161 3040 2241 jus
3067 2160 3147 2222 ad
3174 2159 3375 2222 talem
3403 2157 3714 2220 baeredita-

2153 2263 2285 2318 tem
2330 2255 2644 2329 habebam
2678 2273 2832 2339 ‚quoe
2877 2255 3094 2318 omnia
3143 2251 3519 2316 formaliter
3561 2271 3710 2333 repe-

2153 2350 2408 2414 riuntur
2431 2350 2499 2410 in
2524 2367 2700 2430 pnroe
2730 2354 3033 2412 creaturae
3059 2347 3396 2411 rationalis
3429 2347 3708 2426 justifies-

2153 2445 2350 2506 tione.
2383 2443 2564 2518 Quod
2607 2448 2822 2506 autem
2851 2443 2919 2504 in
2951 2442 3060 2504 illa
3096 2441 3472 2505 intercedat
3519 2439 3705 2501 infusis

2155 2537 2734 2619 supernaturalium
2789 2536 3136 2614 donorum,
3195 2542 3262 2600 et
3327 2533 3704 2617 participatio

2153 2632 2445 2712 quasdam
2507 2632 2848 2694 intrinseca
2895 2635 3138 2694 naturae
3185 2628 3302 2690 Dei
3341 2626 3702 2710 adoptantis,

2152 2726 2444 2807 provenit
2471 2743 2551 2788 ex
2589 2725 2822 2806 duplici
2851 2722 3130 2786 notanda
3167 2718 3548 2786 differentia
3583 2721 3698 2780 intes

2155 2820 2566 2900 adoptionem
2610 2819 2953 2880 humanam
2996 2822 3058 2880 et
3083 2815 3396 2880 divinam.
3437 2815 3616 2878 Prior
3637 2821 3706 2876 est

2153 2933 2230 2978 ex
2255 2920 2438 2995 parte
2463 2912 2845 2992 adoptantis,
2869 2929 3021 2974 nam
3047 2909 3239 2974 homo
3267 2909 3602 2994 adoptans
3627 2909 3711 2969 hs·

2154 3012 2263 3076 bet
2309 3011 2700 3074 inefficacem
2731 3011 3120 3074 voluntatem
3177 3009 3260 3072 ad
3303 3010 3466 3084 hoc,
3525 3015 3586 3070 ut
3623 3027 3710 3068 sao

2155 3123 2371 3168 amore
2395 3123 2472 3168 ac
2504 3104 2944 3167 benevolentia
2967 3103 3312 3166 intrinsece
3337 3103 3634 3166 immutet
3655 3120 3706 3160 ar„—

2155 3199 2440 3280 perfieiat
2463 3217 2636 3276 eum,
2655 3217 2848 3278 quem
2885 3198 3164 3278 adoptat.
3189 3197 3312 3260 Dei
3343 3203 3574 3258 autem
3593 3195 3706 3256 ado·

2155 3293 2388 3374 ptantis
2431 3293 2722 3354 voluntas
2764 3297 2862 3354 est
2903 3291 3374 3371 potentissima,
3409 3295 3490 3350 nt
3519 3289 3705 3352 consti-

2155 3389 2294 3447 tuat
2321 3385 2638 3466 objectum
2688 3402 2803 3445 suo
2829 3384 3028 3446 amori
3054 3384 3634 3465 proportionatum,
3659 3391 3702 3444 et

2155 3485 2225 3540 ut
2259 3479 2594 3542 intrinsece
2615 3477 2902 3559 perficiat
2930 3495 3076 3540 eum
3099 3495 3296 3556 quem
3327 3477 3702 3558 singulariter

2155 3571 2378 3652 diligit,
2411 3572 2562 3632 dum
2590 3588 2736 3632 eum
2767 3570 3048 3652 adoptat.
3085 3569 3412 3634 Posterior
3441 3590 3592 3650 vero
3617 3569 3702 3630 dii·

2155 3667 2421 3730 t‘erentia
2457 3665 2733 3730 declarat
2751 3667 3192 3730 necessitatem
3223 3665 3424 3745 hujus
3443 3665 3702 3726 immute-

2155 3761 2348 3822 tionis
2379 3777 2457 3823 ex
2477 3766 2658 3840 parte
2687 3760 2960 3822 hominis
2985 3758 3295 3840 adoptati.
3332 3761 3500 3820 Nam
3530 3759 3592 3818 in
3617 3757 3703 3818 ha-

2155 3872 2348 3916 mana
2373 3853 2711 3934 adoptione
2739 3853 3116 3936 supponitur
3135 3853 3428 3933 perfecta
3447 3851 3702 3914 similitu·

2159 3947 2241 4010 do
2267 3949 2332 4010 in
2357 3954 2587 4010 natura
2613 3949 2780 4010 inter
2799 3945 3210 4028 adoptantem
3229 3953 3294 4008 et
3324 3945 3698 4028 adoptatam.

2159 4042 2490 4120 solumque
2512 4040 2688 4104 deest
2705 4041 3010 4104 naturalis
3037 4040 3216 4120 origo
3242 4040 3442 4100 unius
3473 4038 3556 4100 ab
3583 4037 3698 4100 alio:

2157 4135 2490 4198 haereditas
2534 4135 2746 4209 etiam,
2778 4135 2861 4198 ad
2912 4153 3106 4216 qnam
3133 4133 3335 4194 homo
3365 4131 3698 4212 adoptatur,

2159 4235 2254 4291 est
2283 4229 2566 4309 ejusdem
2597 4229 2833 4292 ordinis
2855 4231 2946 4307 (ut
2967 4228 3053 4290 sic
3085 4227 3348 4304 dicam),
3369 4243 3526 4288 nam
3553 4225 3702 4286 adsi-

2157 4323 2372 4384 milem
2404 4323 2834 4386 hoereditatem
2873 4325 3084 4403 potest
3127 4321 3324 4384 homo
3355 4321 3594 4382 habere
3615 4337 3700 4378 na·

2159 4416 2362 4478 turale
2377 4415 2506 4495 jus,
2535 4415 2706 4496 quod
2739 4415 2920 4478 deest
2947 4414 3191 4476 homini
3222 4415 3334 4493 qui
3363 4411 3696 4494 adoptatur,

2159 4528 2288 4574 non
2331 4509 2412 4570 ob
2455 4507 2888 4570 excellentiam
2942 4507 3356 4583 haereditatis,
3399 4525 3606 4588 neque
3639 4524 3696 4566 ex

2159 4601 2412 4664 defectu
2443 4601 2845 4681 perfectionis
2872 4601 3066 4682 ipsius
3101 4601 3406 4674 hominis,
3441 4598 3552 4662 sed
3589 4606 3696 4660 tan·

2160 4702 2294 4758 tum
2345 4714 2421 4757 ex
2475 4695 2726 4759 defectu
2774 4695 3072 4776 originis;
3111 4701 3176 4758 at
3222 4713 3380 4756 vero
3423 4712 3600 4756 secus
3620 4699 3692 4752 est

2157 4791 2222 4850 in
2265 4789 2478 4852 divina
2545 4790 2916 4870 adoptione,
2969 4807 3119 4852 nam
3172 4789 3344 4852 inter
3404 4787 3692 4850 hominem

2157 4883 2268 4963 qui
2313 4883 2688 4962 adoptatur,
2735 4889 2797 4944 et
2848 4883 3045 4946 Deum
3091 4882 3202 4962 qui
3253 4881 3532 4964 adoptat,
3573 4899 3695 4958 sup-

2157 4976 2414 5057 ponitur
2459 4977 2710 5056 quidem
2767 4976 2966 5057 origo,
3011 4995 3139 5038 non
3181 4983 3399 5040 tamen
3445 4973 3694 5056 perfecta

2161 5069 2504 5131 similitudo
2535 5071 2604 5130 in
2647 5076 2902 5147 natura,
2959 5069 3074 5133 sed
3115 5069 3321 5134 solum
3373 5069 3694 5132 secundum

2163 5162 2503 5243 quamdam
2531 5164 2866 5246 analogam
2896 5164 3404 5228 convenientiam
3430 5163 3493 5224 in
3516 5159 3692 5242 gradu

2163 5256 2594 5326 intellectuali.
2625 5257 2966 5323 Haereditas
2998 5258 3190 5320 etiam
3242 5257 3376 5334 illa,
3416 5253 3491 5316 ad
3522 5269 3692 5334 quam

2163 5354 2354 5418 homo
2383 5373 2421 5418 a
2441 5357 2571 5417 Deo
2591 5356 2954 5438 adoptatur,
2979 5362 3074 5420 est
3099 5355 3438 5438 superioris
3455 5352 3690 5424 ordinis,

2159 5455 2226 5514 et
2252 5467 2380 5512 non
2405 5455 2500 5514 est
2525 5450 2956 5514 connaturalis
2979 5449 3099 5533 ipsi
3123 5449 3386 5527 homini,
3410 5465 3532 5510 non
3573 5453 3690 5506 tan-

2159 5549 2290 5607 tum
2327 5560 2405 5604 ex
2434 5543 2683 5608 defectu
2715 5544 2998 5626 originis,
3037 5544 3149 5610 sed
3185 5543 3374 5608 etiam
3403 5543 3480 5604 ob
3505 5535 3686 5600 excel·
