3892 6167
637 430 882 505 salitur,
917 425 1208 491 servandi
1232 468 1248 501 ‚
1279 424 1458 491 verbi
1481 424 1710 505 gratia,
1739 424 2191 505 virginitatem.

637 525 840 603 Atque
875 522 962 583 ita
1010 520 1180 583 hunc
1215 519 1423 592 locum
1468 524 1533 582 et
1585 519 1748 581 hanc
1777 518 2198 581 differentiam

635 616 1038 679 declararunt
1056 615 1269 693 cypr..
1304 630 1490 675 serm.
1518 612 1596 677 de
1625 612 1825 675 Nativ.
1851 612 2106 685 Christ„
2131 612 2197 673 in

637 709 778 785 fin.;
805 710 996 789 Aug.,
1025 708 1072 771 l.
1103 707 1182 771 de
1209 705 1436 771 Sancta
1460 706 1711 787 Virgine
1731 750 1748 779 ,
1777 724 1832 769 c.
1863 708 1965 780 30,
1999 710 2061 767 et
2085 702 2193 767 lib.

640 806 670 865 1
708 803 790 865 de
821 801 1034 865 Adult.
1066 800 1346 881 conjug„
1383 817 1442 861 c.
1475 803 1551 861 14
1593 800 1796 877 et153
1836 798 2047 870 Amb„
2090 816 2191 877 ep.

636 898 742 973 82,
768 896 958 977 longe
983 900 1130 957 ante
1157 894 1351 967 med.;
1393 894 1676 967 Hieron„
1700 911 1800 973 ep.
1831 895 1909 956 22
1939 891 2021 957 ad
2044 893 2196 955 Eus-

637 990 832 1065 toch.,
861 989 940 1051 de
961 987 1262 1051 Servand.
1295 986 1549 1067 virgin„
1573 1004 1800 1067 parum
1827 990 1973 1047 ante
1992 985 2190 1061 med„

639 1088 716 1147 et
727 1082 834 1145 lib.
861 1084 892 1143 1
913 1087 1078 1144 cont.
1100 1080 1440 1157 Jovinian„
1467 1079 1926 1161 aliquantulum
1956 1096 1993 1139 a
2022 1078 2195 1159 prin-

639 1176 834 1256 cipio;
867 1175 1115 1255 Chrys„
1165 1174 1340 1247 hom.
1397 1175 1476 1237 63
1511 1174 1578 1235 in
1625 1174 1774 1237 Mat.
1781 1219 1804 1251 ,
1855 1176 1918 1235 et
1973 1190 2195 1235 omnes

638 1269 816 1331 Pauli
845 1270 1254 1347 expositores,
1281 1268 1422 1331 loco
1453 1268 1662 1331 citato.

714 1366 776 1425 4.
807 1362 896 1425 Ac
923 1362 1196 1443 denique
1221 1380 1259 1423 a
1283 1362 1475 1443 priori
1495 1362 1888 1425 declaratur:
1924 1381 2073 1425 nam
2098 1381 2200 1425 ac-

637 1463 740 1520 tus
777 1456 1011 1517 consilii
1053 1474 1169 1536 per
1205 1474 1273 1519 se
1311 1472 1440 1519 nou
1485 1461 1580 1518 est
1615 1462 1790 1517 actus
1831 1455 2194 1537 superioriS,

637 1551 784 1631 quia
813 1569 939 1613 non
968 1557 1063 1613 est
1091 1556 1264 1613 actus
1286 1549 1774 1630 jurisdictionis;
1814 1557 1878 1613 et
1903 1551 2074 1615 idem
2104 1556 2200 1613 est

637 1644 717 1707 de
757 1661 1136 1725 quacunque
1182 1646 1502 1707 voluntate
1543 1644 1646 1707 vel
1691 1644 2029 1723 desiderio,
2069 1661 2196 1725 quo

637 1756 802 1800 unus
829 1738 988 1801 velle
1018 1742 1221 1819 potest
1243 1744 1316 1799 ut
1339 1738 1498 1801 alius
1527 1738 1649 1800 hoc
1673 1736 1862 1801 faciat
1889 1744 1999 1800 aut
2024 1738 2195 1811 velit3

635 1830 776 1893 sola
799 1838 1012 1893 autem
1038 1832 1326 1895 voluntas
1357 1830 1702 1911 obligandi,
1725 1838 1790 1894 et
1817 1835 2201 1913 praeceptum

639 1927 722 1989 ab
747 1945 825 1991 ea
850 1945 1137 2003 manans,
1169 1934 1230 1989 et
1253 1928 1548 1989 intimans
1571 1944 1685 1988 seu
1711 1927 2023 1991 inducens
2046 1925 2203 1989 obli-

635 2020 980 2100 gationem,
1011 2027 1104 2083 est
1122 2021 1374 2101 proprie
1399 2026 1576 2083 actus
1599 2020 1938 2101 superioris
1962 2019 2199 2081 haben·

637 2113 714 2175 tis
745 2114 1242 2195 jurisdictionem
1275 2110 1355 2192 ᾖ
1391 2113 1735 2189 subditum,
1773 2113 1855 2175 ad
1902 2113 2199 2176 determi-

631 2209 916 2271 nandum
939 2208 1117 2271 illum
1138 2209 1459 2271 moraliter
1485 2228 1560 2272 ac
1583 2209 1830 2290 politice
1853 2209 1935 2271 ad
1960 2208 2200 2289 aliquid

634 2305 1036 2379 faciendum3
1077 2304 1200 2367 hoc
1245 2310 1456 2368 autem
1498 2323 1628 2367 non
1669 2304 1840 2379 facit,
1876 2305 1998 2366 nisi
2042 2303 2199 2367 obli-

637 2398 846 2479 gando
887 2404 948 2461 et
980 2399 1162 2479 quasi
1199 2398 1574 2461 coarctando
1611 2398 1788 2461 illum
1817 2398 1900 2459 ad
1934 2398 1999 2461 id
2028 2398 2201 2477 quod

635 2493 944 2573 praecipit,
977 2501 1046 2555 ut
1073 2510 1200 2555 uon
1223 2493 1421 2572 possit
1443 2492 1618 2557 aliud
1631 2493 1776 2572 jnre
1801 2510 1914 2557 seu
1933 2491 2200 2556 honeste

633 2585 867 2650 facere.

717 2680 778 2743 5.
824 2680 1044 2745 Elatio
1071 2699 1142 2745 σω
1169 2680 1371 2747 dictis.
1425 2712 1508 2731 -
1559 2682 1650 2743 Ex
1675 2698 1802 2761 quo
1831 2679 2033 2743 infero
2054 2724 2075 2757 ,
2118 2680 2199 2743 de

635 2773 882 2838 ratione
928 2775 1164 2855 proprii
1209 2776 1510 2856 praecepti
1555 2792 1696 2837 esse
1724 2780 1796 2836 ut
1831 2775 1969 2854 ejus
1994 2778 2200 2837 trans-

638 2868 876 2947 gressio
903 2868 1008 2931 vel
1041 2868 1318 2945 omissio,
1348 2868 1546 2931 libera
1579 2886 1654 2931 ac
1687 2868 2069 2931 sufficienter
2095 2886 2200 2930 vo-

635 2960 950 3039 luntaria,
998 2964 1438 3043 peccaminosa
1472 2962 1550 3025 sit
1591 2968 1655 3025 et
1688 2980 1900 3043 prava.
1952 2963 2200 3041 Loquor

637 3062 849 3119 autem
869 3056 948 3119 de
968 3058 1223 3137 proprio
1241 3063 1578 3137 praecepto,
1597 3063 1669 3119 ut
1686 3057 1972 3120 omittam
1991 3057 2199 3138 legem

633 3168 793 3233 pure
821 3151 1163 3231 poenalem,
1195 3151 1295 3211 vel
1320 3150 1606 3230 regulam
1627 3168 1785 3231 pure
1810 3150 2199 3227 directivam‚

637 3242 982 3306 formaliter
1015 3242 1117 3305 vel
1151 3241 1495 3306 virtualiter
1527 3242 1914 3325 obligantem
1950 3244 2031 3306 ad
2066 3262 2200 3325 poe-

637 3355 828 3413 nam3
867 3338 1014 3417 quia
1055 3336 1156 3399 vel
1197 3338 1298 3399 hae
1343 3356 1473 3400 non
1516 3344 1662 3401 sunt
1706 3338 1959 3418 proprie
2000 3338 2200 3418 leges,

639 3432 753 3495 sed
789 3440 974 3515 pacta
1014 3433 1306 3513 quaedam
1345 3451 1461 3496 seu
1497 3436 1944 3497 conventiones
1976 3435 2203 3515 quibus

639 3525 1056 3607 subjiciuntur
1107 3527 1216 3589 tali
1267 3544 1472 3606 poenae
1493 3573 1516 3603 ,
1573 3527 1684 3607 qui
1739 3528 1860 3589 hoc
1913 3526 2199 3605 fecerint,

643 3619 889 3681 etiamsi
919 3636 994 3680 eo
1023 3620 1086 3681 in
1109 3638 1236 3683 non
1256 3625 1516 3699 peccent
1531 3634 1552 3698 ;
1589 3620 1714 3697 vel,
1752 3620 1804 3683 si
1831 3621 2005 3701 leges
2031 3627 2202 3697 sunt,

637 3730 770 3775 non
819 3712 1104 3793 obligant
1143 3713 1554 3787 determinate
1599 3713 1679 3774 ad
1726 3714 1918 3776 talem
1969 3720 2203 3790 actum,

641 3806 756 3871 sed
783 3806 863 3869 ad
889 3808 1007 3870 hoc
1035 3808 1447 3887 disjunctum,
1487 3808 1586 3871 vel
1615 3808 1700 3871 ad
1721 3808 2080 3871 faciendum
2106 3824 2207 3869 ac-

639 3906 778 3963 tum
803 3948 819 3977 ,
861 3902 982 3977 vel,
1019 3902 1072 3963 si
1101 3920 1231 3963 non
1267 3901 1506 3980 fecerit,
1551 3902 1634 3965 ad
1661 3919 1916 3982 poenam
1950 3900 2207 3982 imposi-

639 4000 772 4059 tam
803 3996 1254 4076 acceptandam
1295 4002 1358 4059 et
1397 3996 1786 4058 solvendam.
1827 3994 1951 4057 Illis
1988 4001 2204 4057 autem

640 4090 992 4170 praemissis,
1025 4108 1166 4169 quae
1192 4090 1258 4151 in
1271 4090 1512 4153 Christo
1544 4090 1755 4153 locum
1781 4108 1911 4151 non
1936 4088 2200 4165 habent,

640 4198 770 4244 non
787 4183 987 4263 potuit
1005 4182 1092 4245 illi
1115 4200 1336 4245 verum
1355 4190 1736 4265 praeceptum
1761 4182 2023 4263 imponi,
2049 4182 2205 4260 quin

640 4292 856 4338 veram
900 4276 1350 4356 obligationem
1377 4277 1728 4354 induceret,
1763 4282 1825 4339 et
1867 4276 2205 4338 necessita-

639 4374 769 4431 tem
788 4370 1094 4432 moralem
1117 4371 1254 4433 talis
1273 4377 1450 4433 actus
1469 4371 1571 4434 vel
1584 4371 1882 4435 bonitatis
1901 4370 1982 4431 ad
2004 4371 2204 4433 bonos

642 4478 871 4537 mores,
895 4470 968 4525 ut
986 4469 1203 4541 quaest.
1229 4465 1419 4527 etiam
1447 4466 1523 4527 18
1541 4470 1876 4527 tractatum
1897 4469 2015 4526 est.
2044 4464 2204 4537 Qua-

641 4560 899 4635 propter
923 4556 1064 4619 fieri
1097 4574 1226 4617 non
1254 4559 1454 4637 potuit
1481 4563 1553 4621 ut
1583 4557 2017 4638 imponeretur
2044 4574 2201 4637 prte-

641 4654 893 4729 ceptum
918 4668 1164 4727 verum,
1201 4650 1354 4730 quin
1385 4656 1846 4729 consequenter
1871 4649 2204 4713 inducere-

629 4746 746 4805 ·tur
769 4741 1113 4805 necessitas
1141 4742 1431 4805 servandi
1457 4742 1608 4805 illud
1631 4742 1713 4805 ad
1731 4742 2051 4805 vitandam
2074 4742 2206 4803 cul·

641 4850 812 4915 pam,
840 4852 916 4896 ac
943 4835 1056 4897 Dei
1081 4836 1496 4911 inimicitiam,
1527 4836 1578 4897 si
1609 4840 1996 4916 praeceptum
2023 4836 2205 4897 intel-

639 4927 871 5007 ligatur
902 4946 1036 4993 esse
1083 4930 1162 4991 de
1197 4946 1270 4993 re
1299 4929 1470 5009 gravi
1498 4975 1515 5004 ,
1560 4936 1624 4991 et
1657 4928 1722 4990 in
1762 4930 1884 4991 hoc
1921 4930 2203 4991 consistit

642 5019 976 5085 difficultas
1002 5030 1190 5099 tacta,
1221 5023 1392 5104 quod
1419 5024 1485 5085 in
1513 5022 1634 5085 hoc
1663 5029 1977 5103 praecepto
2000 5023 2203 5085 inclu-

643 5114 813 5180 ditur
839 5119 1267 5192 comminatio,
1291 5119 1417 5181 Nisi
1446 5117 1566 5182 boc
1585 5117 1833 5193 feceris,
1861 5119 2203 5198 privaberis

642 5210 852 5275 divina
901 5212 1196 5291 amicitia,
1249 5230 1392 5293 quse
1431 5213 1678 5276 videtur
1727 5212 2029 5277 indecens
2074 5231 2203 5277 res-

627 5313 828 5385 ·pectu
851 5306 1102 5371 Christi.

717 5402 780 5462 6.
833 5400 1118 5467 Christus
1143 5404 1424 5483 quomodo
1449 5419 1644 5483 capam
1663 5402 1973 5485 praecepti.
1998 5436 2081 5449 --
2098 5402 2204 5464 Ni-

625 5492 978 5557 hilominus
1008 5495 1338 5561 tractando
1370 5495 1448 5558 de
1479 5500 1788 5575 praecepto
1817 5496 1884 5558 in
1909 5494 2030 5559 hae
2058 5512 2203 5574 pro·

1891 322 2128 389 QUAET.
2164 324 2272 381 XX.
2305 324 2509 379 Anne.
2542 325 2607 381 n.

2275 424 2541 505 prietate
2566 431 2819 506 sumpto
2838 470 2857 502 ,
2888 426 3231 500 dicendum
3258 436 3351 497 est
3374 432 3623 507 Christum
3638 452 3703 515 ho.

2276 519 2517 581 minem
2558 520 2811 599 proprie
2844 527 2908 583 et
2942 540 3092 585 vere
3120 522 3588 610 fuissecapaeem
3606 558 3705 619 pra.

2278 613 2445 693 cepti
2482 613 2689 691 quoad
2718 614 2846 675 vim
2882 614 3249 679 directivam
3274 620 3409 699 ejus
3430 670 3447 695 ‚
3484 632 3707 715 etobliga.

2278 706 2514 767 tionem
2540 706 2807 769 faciendi
2840 707 3011 787 quod
3037 710 3145 771 lex
3168 715 3458 794 praecipit,
3487 726 3707 793 siniandi

2278 800 2451 879 quod
2476 801 2789 879 prohibet.
2842 803 2991 865 Haec
3018 810 3117 866 est
3148 804 3281 867 sine
3308 807 3484 873 dubio
3507 825 3709 885 sententia

2274 895 2351 957 D.
2382 894 2659 973 Thomoe,
2695 896 3007 975 hocloco,
3046 904 3111 961 et
3131 890 3317 975 infra,
3352 921 3415 981 q.
3436 909 3525 978 47,
3548 918 3598 971 et
3612 932 3713 979 com.

2275 988 2508 1065 munis„
2524 995 2595 1050 ut
2618 1006 2697 1049 ex
2726 988 2823 1067 iia,
2848 1008 2989 1071 quoe
3009 991 3077 1054 in
3107 994 3497 1071 sequentibus
3512 1002 3710 1085 dicemus,

2274 1080 2463 1160 plane
2510 1083 2857 1157 constabit;
2902 1090 2967 1146 et
3018 1084 3266 1149 videtur
3310 1106 3479 1168 posse
3526 1102 3643 1158 sumi
3670 1122 3715 1165 a

2278 1180 2451 1239 sexta
2480 1176 2745 1256 synod„
2778 1183 2899 1241 act.
2926 1181 3025 1255 Π,
3060 1181 3127 1243 in
3150 1178 3499 1250 definitione
3514 1186 3713 1267 fidei‚ubi

2278 1268 2665 1333 definiuntur
2700 1270 2843 1335 duae
2886 1272 3109 1337 Christi
3142 1274 3487 1341 voluntates
3521 1300 3614 1343 non
3632 1306 3717 1349 con-

2280 1365 2517 1442 trariae,
2549 1367 2697 1445 quia
2724 1367 3013 1433 voluntas
3041 1370 3323 1433 humana
3348 1390 3471 1435 nou
3500 1378 3715 1445 resistebat

2278 1476 2397 1521 nec
2420 1458 2870 1535 reluctabatur,
2894 1461 3006 1525 sed
3028 1462 3315 1542 subjecta
3341 1472 3465 1531 erat
3483 1467 3717 1535 divinet-0-

2278 1551 2501 1615 luntati
2534 1572 2549 1615 z
2589 1552 2909 1634 Oportebat
2936 1558 3117 1629 enim,
3148 1555 3375 1638 inquit.
3404 1564 3575 1625 mis
3594 1566 3719 1629 vdu-

2276 1650 2465 1712 tatem
2511 1645 2738 1709 moveri
2770 1692 2789 1721 ‚
2832 1648 3173 1731 abjicique
3224 1652 3512 1718 salmati
3552 1658 3717 1724 divae.

2270 1740 2462 1818 jmta
2520 1742 3051 1821 sapientissimum
3116 1743 3531 1809 Athanasium.
3594 1750 3719 1815 Potest

2284 1833 2475 1895 etiam
2526 1850 2606 1897 ex
2664 1853 2845 1897 sacra
2905 1836 3231 1917 Scriptura
3280 1840 3535 1917 probari.
3578 1843 3719 1908 Psaln

2284 1926 2457 1991 euim
2478 1930 2559 1991 39
2581 1928 2663 1991 de
2683 1928 2925 1993 Christo
2945 1930 3192 2006 dicitur,
3219 1937 3293 1993 ut
3306 1933 3489 2013 Aug„
3510 1935 3719 2016 Bathys..

2284 2025 2347 2081 et
2374 2020 2500 2094 alii,
2536 2022 2665 2083 imo
2686 2029 2750 2086 et
2774 2022 3003 2087 Paulus
3026 2024 3108 2087 ad
3134 2025 3330 2089 Hebr.
3354 2028 3449 2101 10,
3476 2040 3717 2107 exponunt:

2278 2114 2367 2179 In
2404 2117 2601 2197 capito
2624 2116 2769 2205 libri
2799 2118 3101 2195 seriptum
3129 2124 3217 2181 osc
3253 2120 3325 2184 do
3348 2136 3471 2193 m,
3502 2126 3560 2183 ut
3582 2124 3721 2198 saaca

2278 2210 2641 2275 voluntatem
2673 2216 2844 2275 tuam
2864 2254 2883 2283 ‚
2913 2211 3081 2275 Dm
3104 2228 3277 2279 mm
3294 2258 3313 2286 ,
3348 2213 3505 2276 volui
3520 2258 3535 2287 ‚
3560 2220 3605 2277 οι
3620 2216 3721 2297 ιιριι

2280 2305 2452 2367 tuam
2476 2302 2547 2365 ia
2566 2302 2761 2367 modio
2788 2303 2987 2369 cordis
3009 2306 3127 2367 mei
3142 2329 3169 2379 ;
3197 2310 3261 2367 et
3284 2304 3407 2367 alia
3438 2304 3591 2384 plura
3606 2316 3648 2369 et
3670 2328 3723 2369 ur·

2280 2395 2565 2474 gentiora
2594 2394 2935 2461 afferemus
2964 2396 3151 2473 infra,
3193 2405 3455 2477 agentes
3478 2398 3545 2461 de
3566 2402 3721 2479 speciali

2278 2493 2589 2569 praecepto
2633 2488 2942 2553 moriendi
2989 2508 3105 2569 pro
3152 2489 3527 2553 hominihus.
3560 2493 3721 2555 Rauen

2280 2582 2585 2663 probatur
2634 2581 2841 2661 primo
2866 2626 2887 2659 ,
2940 2583 3091 2663 quia
3134 2583 3429 2647 voluntas
3470 2584 3643 2649 Christi
3663 2588 3721 2647 hs

2281 2694 2473 2741 mana
2512 2694 2645 2739 non
2686 2682 2823 2741 erat
2866 2676 2987 2739 sibi
3022 2678 3245 2759 regula
3278 2696 3527 2741 suorum
3548 2686 3721 2757 actuum,

2280 2770 2560 2835 habebat
2588 2771 2761 2835 enim
2798 2772 3187 2853 superiorem
3206 2818 3223 2847 ‚
3257 2791 3301 2834 a
3328 2790 3449 2853 qua
3472 2782 3657 2855 poterat
3674 2776 3725 2835 di·

2280 2865 2403 2944 rigi
2430 2870 2494 2929 et
2519 2865 2903 2944 guber-narn
2950 2884 3103 2953 ergo
3130 2867 3450 2944 Christus,
3490 2868 3725 2931 secundum

2280 2961 2445 3023 hanc
2471 2961 2857 3025 voluntatem
2884 2960 3235 3025 humanam
3252 3008 3269 3036 ,
3318 2968 3543 3043 poterat
3564 2982 3593 3024 a
3612 2982 3723 3043 supe-

2278 3053 2734 3136 rioriqrecipere
2760 3054 2953 3117 talem
2973 3056 3260 3136 regulam
3284 3074 3529 3119 suorum
3546 3064 3723 3131 actura

2280 3154 2352 3209 ut
2390 3148 2472 3210 ad
2516 3149 2911 3210 honestatem
2948 3167 3201 3211 morum
3234 3150 3613 3213 necessarium
3632 3156 3723 3210 eset

2278 3240 2459 3303 illiso
2490 3240 2921 3316 conformare;
2954 3243 3091 3305 haec
3118 3249 3343 3305 autem
3364 3242 3559 3322 regula
3578 3249 3643 3303 est
3655 3244 3723 3315 lex,

2282 3352 2395 3397 seu
2424 3341 2807 3416 praeceptum
2821 3351 2843 3413 3
2879 3354 3053 3415 ergo.
3078 3337 3671 3421 {Secundo2Ch1-istus,
3688 3346 3723 3395 ut

2282 3429 2499 3503 homo,
2528 3433 2625 3491 est
2640 3430 2959 3507 subjectus
2978 3430 3186 3503 Patri3
3221 3449 3379 3511 ergo
3400 3430 3593 3509 subjici
3605 3436 3721 3508 potest

2282 3521 2527 3601 legibus
2558 3522 2717 3602 ejus.
2762 3522 2895 3595 Quo
2928 3531 3309 3602 argumento
3340 3524 3511 3587 tacite
3542 3522 3721 3585 concedi

2286 3620 2353 3677 et
2378 3615 2695 3679 concludit
2718 3617 2792 3679 D.
2836 3617 3111 3679 Thomas
3143 3621 3203 3681 1.
3232 3621 3301 3695 2,
3344 3636 3405 3697 q.
3434 3622 3525 3693 93,
3552 3617 3721 3681 artict

2288 3708 2371 3771 ad
2396 3711 2439 3771 2
2458 3754 2475 3785 ,
2508 3710 2820 3772 Christum
2857 3716 2927 3773 ut
2958 3712 3287 3775 hominem
3323 3730 3457 3775 esse
3490 3711 3723 3788 subjectum

2287 3802 2413 3882 legi
2442 3807 2737 3876 aeternae3
2768 3803 3145 3867 antecedens
3172 3806 3473 3885 probatur
3496 3824 3531 3867 a
3558 3805 3613 3865 D.
3634 3803 3725 3860 Tho-

2288 3914 2394 3959 ma
2421 3898 2545 3973 hic,
2580 3901 2643 3961 et
2668 3898 2929 3963 inferius
2958 3901 3352 3966 tractabitur.
3382 3901 3539 3963 Nunc
3557 3897 3725 3961 brente:

2286 3991 2641 4055 declaratur
2683 4011 2698 4053 ε
2745 3994 2896 4073 quia
2924 3996 3201 4057 Christus
3228 4003 3301 4058 ut
3332 3996 3509 4059 homo
3536 4000 3606 4055 est
3625 4008 3723 4051 crea·

2286 4093 2461 4162 tura3
2494 4102 2643 4165 ergo
2674 4087 2955 4167 subjecta
2984 4090 3293 4163 creatori:
3318 4089 3467 4151 illud
3490 4083 3721 4151 enimait}-

2284 4183 2389 4242 tur
2416 4179 2771 4259 subjectum
2793 4226 2810 4255 ,
2861 4182 3032 4259 quod
3068 4189 3165 4245 est
3204 4184 3328 4245 sub
3360 4186 3619 4261 potestate
3636 4178 3721 4237 alte·

2284 4274 2453 4347 rius;
2496 4272 2653 4335 nihil
2685 4280 2895 4337 autem
2932 4276 3133 4356 magis
3174 4284 3269 4339 est
3304 4278 3423 4339 sub
3454 4275 3645 4337 alterius
3662 4288 3719 4349 pe

2286 4371 2533 4445 testate,
2566 4385 2759 4447 quam
2782 4375 3071 4432 creatura
3098 4369 3218 4432 sub
3250 4377 3537 4433 creatore.
3559 4370 3717 4430 Rursus,

2284 4478 2415 4543 non
2444 4467 2539 4524 est
2568 4476 2963 4543 quaecunque
2992 4469 3308 4539 creatura,
3344 4464 3449 4527 sed
3474 4456 3716 4524 rationalis:

2286 4572 2439 4635 ergo
2482 4554 2815 4634 subjicitur
2851 4563 2921 4621 ut
2962 4564 3249 4621 creatura
3288 4556 3598 4627 rationalis,
3630 4550 3717 4613 etli-

2282 4644 2435 4709 bera
2458 4647 2745 4711 libertate
2772 4653 3013 4725 creata;
3033 4652 3291 4732 propria
3312 4657 3507 4715 autem
3522 4642 3715 4724 sabjectis]

2284 4739 2472 4820 hujus
2512 4748 2816 4805 creatura
2854 4750 2950 4805 est
2978 4788 2994 4819 ,
3035 4752 3109 4807 ut
3147 4750 3459 4825 praecepto
3494 4733 3715 4821 supefinris

2282 4832 2607 4899 subdatur.
2640 4836 2885 4915 Tertio,
2924 4839 2989 4901 in
3024 4838 3263 4901 Christo
3300 4838 3541 4901 Domino
3562 4833 3715 4895 fuerunt

2282 4928 2545 5006 virtutes
2570 4935 2816 5007 creatae,
2848 4932 3040 4995 etiam
3062 4932 3187 4995 illae
3210 4950 3355 5013 qum
3378 4928 3646 5011 respiciunt
3662 4939 3715 4981 su·

2281 5022 2638 5102 periorem;
2684 5024 2909 5087 habuit
2960 5026 3130 5089 enim
3182 5042 3399 5089 veram
3442 5022 3713 5101 religionem:

2284 5134 2409 5197 qua
2436 5118 2685 5179 Patrem
2714 5119 2993 5195 colebat,
3040 5118 3213 5183 etad
3240 5119 3415 5183 illum
3440 5116 3629 5185 orabat,
3654 5123 3715 5164 ἴθ’

2282 5228 2419 5273 ram
2447 5210 2885 5288 humilitatem,
2916 5230 3137 5277 verum
3160 5214 3462 5287 timorem,
3490 5202 3709 5273 etsimssia

2282 5310 2353 5367 ut
2386 5305 2453 5365 in
2492 5307 2920 5386 superioribus
2958 5311 3283 5371 ostensum
3308 5312 3433 5383 est3
3464 5318 3581 5381 ergo
3598 5303 3712 5359 etre-

2282 5418 2423 5463 ram
2452 5404 2517 5461 et
2550 5400 3367 5481 propriamssobedientiam‚
3410 5403 3497 5465 est
3512 5390 3631 5455 enim
3650 5400 3711 5444 ea·

2284 5493 2430 5557 dem
2478 5494 2637 5559 ratio
2663 5539 2679 5571 ,
2728 5496 3067 5575 praesertim
3114 5512 3259 5559 cum
3304 5494 3573 5573 scriptura
3600 5494 3707 5543 sam
