3892 6167
582 340 701 400 520

583 439 890 504 dicendus
914 439 1033 502 erit
1080 437 1435 520 adoptatus,
1479 441 1545 499 et
1586 436 1753 500 filius
1782 437 2140 518 adoptivus,

588 552 731 598 cum
765 535 845 596 sit
878 531 1289 613 suppositum.
1320 529 1501 607 Quod
1538 531 1589 594 si
1622 529 1812 608 dicat,
1848 523 2146 612 respectu

590 628 813 696 Christi
840 634 910 690 ut
938 625 1213 690 hominis
1260 626 1429 688 illam
1460 625 1919 690 ordinationem
1949 625 2032 688 ad
2057 626 2147 686 vi·

589 730 719 786 tarn
748 740 878 784 non
910 739 1050 783 esse
1082 719 1487 800 adoptionem
1512 767 1528 794 ,
1581 719 1729 798 quia
1762 737 1893 782 non
1926 726 2019 782 est
2067 739 2148 782 ex

590 837 765 881 mera
797 817 997 897 gratia
1044 819 1109 876 et
1146 813 1585 876 benevolentia
1612 813 1998 888 extrinseca,
2035 814 2151 880 sed

592 909 1060 991 quodammodo
1085 908 1167 970 ab
1188 907 1520 970 intrinseco
1546 925 1623 970 ex
1652 907 1862 971 debito
1882 907 2150 988 proprias

588 1020 897 1086 personas,
927 1007 1143 1064 contra
1165 999 1287 1062 hoc
1318 1007 1437 1078 est,
1462 1000 1609 1080 quia
1636 1001 1861 1064 eadem
1886 1000 2044 1062 ratio
2067 998 2150 1062 de

590 1097 979 1162 humanitate
1006 1094 1311 1176 procedit,
1335 1094 1481 1174 quia
1510 1113 1641 1158 non
1664 1100 1759 1160 est
1785 1113 1899 1175 per
1932 1111 2000 1156 se
2021 1094 2150 1176 pri-

591 1209 696 1254 mo
746 1189 1037 1252 ordinata
1078 1188 1160 1250 ad
1208 1187 1433 1264 vitam,
1469 1187 1583 1250 sed
1628 1187 1711 1251 ad
1746 1205 1883 1250 esse
1928 1205 2150 1268 perso-

590 1283 735 1348 nale
764 1282 905 1346 Filii
938 1281 1073 1356 Dei,
1110 1299 1191 1342 ex
1226 1298 1353 1361 quo
1380 1287 1791 1346 consecutum
1832 1285 1929 1344 est
1973 1280 2149 1345 debi-

592 1385 727 1440 tum
756 1374 1031 1438 habendi
1058 1373 1540 1453 beatitudinem,
1572 1381 1637 1440 et
1658 1375 1970 1438 ordinatio
1993 1375 2060 1436 in
2081 1373 2152 1436 il-

590 1471 713 1532 lam
744 1469 987 1532 ratione
1014 1467 1157 1532 talis
1184 1467 1408 1543 debiti;
1452 1487 1605 1550 ergo
1632 1487 1763 1532 non
1802 1469 2008 1549 magis
2039 1485 2156 1549 po-

590 1569 709 1626 test
736 1563 843 1626 illa
870 1561 1180 1625 ordinatio
1203 1563 1439 1626 habere
1461 1564 1771 1628 rationem
1800 1561 2154 1642 adoptionis

592 1663 883 1740 respectu
907 1657 1335 1734 humanitatis,
1367 1675 1561 1739 quam
1600 1663 1891 1738 respectu
1930 1657 2150 1720 Christi

592 1758 660 1815 ut
688 1752 984 1816 hominis.
1019 1751 1318 1832 Superest
1360 1758 1427 1814 ut
1471 1751 1759 1816 ultimum
1792 1751 2150 1814 membrum

592 1846 955 1930 prohemus,
1010 1847 1268 1924 scilicet,
1312 1864 1444 1910 non
1474 1865 1661 1928 posse
1688 1846 2152 1910 humanitatem

593 1940 717 2004 dici
759 1939 1121 2020 adoptatam
1166 1940 1252 2003 ad
1287 1941 1551 2021 gratiam
1583 1940 1857 2004 unionis.
1891 1941 1964 2004 Et
2006 1941 2154 2020 qui-

594 2035 765 2112 dem,
796 2033 848 2096 si
888 2034 959 2096 in
984 2035 1193 2116 rigore
1238 2033 1533 2098 sistamus
1558 2034 1625 2096 in
1672 2033 1778 2097 illa
1819 2033 2025 2097 forma
2063 2033 2154 2096 lo·

594 2127 853 2210 quendi,
884 2146 1029 2192 cum
1069 2147 1185 2208 per
1216 2128 1619 2210 adoptionem
1664 2129 2025 2209 acquiratur
2043 2129 2151 2208 jus

592 2221 705 2284 filii
734 2221 817 2284 ad
837 2219 1267 2286 haereditatsm
1295 2223 1379 2288 ad
1402 2241 1595 2303 quam
1624 2225 1765 2304 quis
1788 2224 2148 2303 adoptatur,

592 2334 721 2380 non
750 2317 981 2400 poterit
1006 2317 1125 2382 dici
1151 2317 1513 2382 humanitas
1550 2319 1835 2400 adoptari
1864 2318 1945 2382 ad
1979 2317 2155 2380 unio-

592 2429 765 2489 nem,
806 2412 955 2492 quia
987 2413 1225 2479 nullam
1265 2413 1543 2494 priorem
1594 2415 1865 2494 gratiam
1906 2412 2152 2493 recipit,

595 2521 721 2586 qua
744 2506 873 2587 jus,
894 2505 995 2568 vel
1023 2508 1518 2589 proportionem,
1548 2514 1660 2572 aut
1676 2507 2156 2588 dispositionem

598 2600 873 2680 aliquam
902 2599 985 2662 ad
1011 2601 1203 2664 talem
1226 2602 1527 2666 unionem
1548 2602 1852 2684 acquirat.
1872 2600 2000 2664 Sed
2025 2617 2158 2664 non

594 2699 691 2757 est
706 2711 965 2758 necesse
988 2695 1052 2758 in
1072 2694 1191 2757 hac
1216 2695 1420 2760 forma
1444 2695 1747 2776 loquendi
1772 2696 1897 2758 vim
1916 2695 2152 2769 facere,

594 2805 747 2852 nam
774 2787 895 2852 dici
921 2788 1105 2852 facile
1152 2796 1357 2870 potest
1400 2791 1689 2854 sufficere
1738 2789 2158 2854 extrinsecam

598 2882 707 2946 Dei
741 2881 1197 2946 ordinationem
1219 2929 1235 2959 ,
1276 2901 1403 2964 qua
1433 2884 1541 2948 illa
1568 2883 1928 2948 humanitas
1963 2881 2160 2964 gratis

596 2975 821 3042 dilecta
848 2995 965 3042 seu
992 2967 1313 3058 acceptata
1340 2982 1456 3054 est,
1481 2986 1552 3044 ut
1578 2999 1615 3042 a
1650 2979 1855 3061 primo
1880 2979 2158 3040 instante

597 3089 729 3134 suae
774 3073 1200 3153 conceptionis
1240 3073 1449 3136 Verbo
1494 3075 1799 3150 uniretur,
1836 3071 2000 3136 sicut
2038 3071 2159 3134 hu-

602 3184 793 3230 mana
818 3167 1072 3250 adoptio
1098 3168 1169 3230 fit
1190 3186 1307 3250 per
1328 3167 1525 3232 solam
1552 3167 1970 3232 extrinsecam
1991 3164 2160 3228 ordi·

601 3262 925 3326 nationem
970 3269 1035 3326 et
1084 3263 1597 3346 acceptationem.
1638 3261 1755 3326 Vel
1793 3261 1919 3328 dici
1963 3260 2156 3324 etiam

598 3363 809 3438 potest
846 3356 1017 3420 illam
1042 3357 1429 3422 locutionem
1456 3375 1599 3422 esse
1639 3357 2026 3421 intransitive
2053 3371 2156 3417 su-

598 3450 913 3528 mendam,
946 3458 1011 3515 et
1030 3452 1113 3516 ad
1136 3452 1395 3516 modum
1426 3469 1633 3516 causae
1660 3459 1723 3516 et
1748 3451 2008 3514 effectus
2037 3449 2158 3512 for-

600 3543 807 3622 malis,
830 3545 919 3609 ita
948 3553 1017 3608 ut
1055 3546 1297 3611 dicatur
1330 3546 1695 3610 humanitas
1739 3545 2037 3626 adoptata
2075 3542 2160 3604 ad

602 3657 743 3704 esse
766 3639 1100 3720 personale
1128 3640 1261 3704 Filii
1306 3641 1421 3703 Dei
1462 3658 1573 3722 per
1603 3640 1869 3720 gratiam
1904 3637 2160 3701 unionis

602 3741 907 3816 tanquam
928 3752 1043 3816 per
1058 3735 1325 3804 formale,
1340 3735 1684 3810 vinculum,
1710 3752 1838 3815 quo
1860 3734 1996 3817 ipsa
2019 3732 2163 3794 uni-

604 3835 707 3892 tur
746 3829 854 3892 Dei
884 3829 1060 3893 Filio.
1090 3830 1191 3892 Ad
1214 3849 1351 3894 rem
1380 3849 1559 3911 ergo,
1604 3830 1831 3894 omisso
1858 3827 2162 3906 loquendi

604 3922 820 3999 modo,
834 3925 1135 3987 unionem
1152 3923 1325 3986 illam
1338 3941 1553 4005 neque
1568 3941 1707 3986 esse
1726 3922 2158 4004 adoptionem,

604 4034 813 4098 neque
826 4035 907 4081 ex
924 4018 1285 4099 adoptione,
1295 4018 1551 4099 probari
1566 4024 1773 4100 potest
1792 4019 1913 4080 hoc
1926 4015 2116 4079 modo
2137 4033 2154 4078 ε

601 4111 753 4191 quia
772 4111 1024 4194 adoptio
1045 4112 1179 4176 solo
1202 4113 1431 4176 affectu
1454 4113 1781 4193 conjungit
1792 4110 2158 4192 adoptatum

602 4203 963 4286 adoptanti3
1008 4206 1123 4270 sed
1154 4209 1305 4271 unio
1350 4208 1457 4270 illa
1494 4225 1627 4270 non
1672 4208 1998 4287 conjungit
2041 4206 2159 4268 hu-

603 4299 975 4364 manitatem
1017 4302 1229 4366 Verbo
1272 4303 1407 4366 solo
1446 4303 1695 4378 affectu,
1728 4301 1843 4364 sed
1870 4319 1943 4364 re
1975 4300 2157 4381 ipsa3

606 4409 759 4471 ergo
782 4392 889 4455 illa
909 4411 1043 4455 non
1068 4404 1160 4458 est
1188 4396 1464 4476 adoptio.
1499 4397 1703 4459 Minor
1727 4395 1807 4458 de
1834 4394 1962 4458 fide
1987 4400 2160 4458 certa

605 4492 725 4560 est,
752 4492 825 4548 ut
852 4493 1027 4568 patet
1056 4507 1133 4552 ex
1158 4489 1335 4552 dictis
1360 4507 1577 4570 supra,
1608 4507 1672 4571 q.
1708 4492 1771 4566 Ω,
1801 4488 1913 4550 uhi
1953 4495 2159 4552 osten-

598 4577 807 4642 dimus
834 4599 973 4644 esse
998 4583 1241 4645 unitam
1266 4582 1757 4663 substantialiter
1784 4580 2004 4645 Verbo.
2027 4582 2158 4646 Ma-

586 4671 695 4752 ,ior
718 4673 1021 4754 probatur
1048 4693 1124 4738 ex
1155 4677 1613 4740 conditionibus
1642 4683 1705 4740 et
1726 4681 1954 4738 natura
1997 4677 2153 4740 ado-

592 4767 829 4845 ptionis
874 4787 1069 4850 supra
1116 4771 1479 4850 explicatis3
1530 4789 1613 4834 ex
1654 4770 1881 4851 quihus
1908 4775 2154 4834 constat

592 4860 997 4944 adoptionem
1018 4883 1163 4927 esse
1186 4883 1367 4928 mere
1396 4866 1731 4946 gratuitam
1760 4883 1837 4928 ex
1874 4865 2152 4928 benevo-

591 4953 784 5017 lentia
808 4957 1183 5039 adoptantis.
1211 4959 1391 5022 Unde
1408 4959 1647 5022 indicto
1668 4960 1939 5024 Concilio
1959 4959 2152 5022 Fran-

588 5047 855 5126 coford.,
888 5051 955 5116 in
995 5052 1103 5115 lib.
1138 5053 1594 5134 Sacmsyllabo‚
1628 5055 1748 5119 col.
1794 5057 1857 5129 7,
1890 5054 2151 5117 adnotat

588 5141 909 5219 Paulinus,
939 5144 1063 5208 hoc
1087 5145 1297 5226 ipsum
1324 5147 1590 5210 indicari
1618 5147 1685 5210 in
1722 5148 1861 5228 ipso
1888 5147 2146 5210 nomine

586 5235 943 5319 adoptionis
962 5254 988 5298 ε
1012 5238 1183 5304 Nan
1227 5241 1557 5320 adoptatio,
1588 5242 1815 5322 inquit,
1840 5259 1917 5306 eo
1955 5243 2145 5322 affec·-

581 5329 739 5394 tion·
763 5330 931 5396 auoit
946 5331 1221 5395 wecheli
1256 5335 1361 5396 ess·
1382 5336 1701 5418 crinium,
1732 5334 1883 5414 quia
1926 5335 2002 5408 is,
2033 5336 2143 5414 qui

1795 340 2034 402 QUAEST.
2069 340 2237 392 xxm.
2275 340 2476 394 Amic.
2511 341 2594 396 W.

3758 0 3764 202 Ι

3761 215 3766 426 Ι

2225 439 2394 504 fectu
2419 449 2482 504 et
2499 443 2940 510 benevolentia
2951 455 3234 530 acceptat
3245 452 3674 538 alienumsuum-
3763 465 3765 474 ‘

2227 552 2352 614 que
2377 535 2548 610 facit,
2571 555 2700 600 non
2712 557 2808 616 re,
2833 540 2945 604 sed
2965 542 3289 608 affectione
3311 553 3674 624 tammum

2227 628 2292 690 in
2319 629 2586 709 epistola
2611 631 2898 712 ejusdem
2915 635 3174 698 concilii
3195 639 3272 700 ad
3287 642 3564 726 Episcopus
3577 654 3676 716 nis.

2231 723 2454 802 pauioe.
2471 741 2688 788 versus
2697 725 2932 792 finem:
2955 729 3232 806 Quidue,
3253 732 3678 822 animi-‚adopta

2229 814 2354 878 nisi
2383 817 2715 884 chao-imis
2753 821 3076 902 copdatic,
3119 843 3240 905 qua
3263 833 3682 914 μασι-ωηιξη.
3765 903 3767 908 .

2230 907 2346 972 sibi
2371 911 2610 990 copiast
2633 913 2863 991 filim,
2893 933 3064 998 quens
3089 919 3383 999 proprium
3400 941 3494 988 aas
3517 930 3684 996 hta?

2311 1003 2372 1064 5.
2412 1003 2536 1068 Sed
2561 1006 2697 1068 haec
2745 1007 2934 1086 ratio,
2973 1008 3126 1072 licet
3167 1020 3432 1094 inspecta
3461 1037 3684 1098 persam

2230 1096 2452 1160 Christi
2471 1104 2542 1160 ut
2575 1100 2940 1164 subsistenti
2961 1103 3028 1164 in
3051 1103 3438 1186 humanitate,
3461 1129 3526 1173 co
3544 1131 3686 1180 sensu

2231 1206 2358 1268 quo
2387 1189 2465 1252 dc
2503 1191 2610 1256 illa
2637 1193 2920 1274 loquitur
2964 1193 3302 1261 Concilium
3345 1201 3685 1286 annosiora,

2231 1285 2312 1347 sit
2345 1285 2591 1364 efficax,
2645 1287 2798 1368 quia
2843 1289 3066 1354 filiatio
3105 1289 3324 1357 Christi
3361 1299 3508 1361 nullo
3553 1307 3690 1368 modo
3767 1320 3769 1348 ¹

2231 1385 2446 1440 manat
2475 1398 2554 1442 ex
2579 1379 2935 1460 dilectione,
2951 1403 3084 1448 non
3105 1387 3270 1450 enim
3297 1397 3386 1452 est
3404 1393 3570 1456 Filius
3587 1401 3690 1477 quia

2233 1469 2500 1536 dilectus
2521 1520 2542 1549 ,
2605 1475 2720 1538 sed
2789 1479 2994 1558 potins
3049 1478 3306 1544 dilectus
3347 1486 3478 1563 quia
3517 1489 3690 1562 Filius,

2235 1583 2360 1645 quo
2415 1568 2606 1632 modo
2659 1570 3026 1652 intelligitur
3055 1574 3236 1652 illud,
3273 1577 3508 1645 Βία-κέ
3545 1582 3696 1652 filiu

2231 1677 2398 1724 meus
2419 1660 2698 1740 dilectus,
2725 1671 2796 1728 ut
2823 1669 3310 1744 sequenti-tomo
3341 1669 3506 1734 latins
3543 1676 3696 1738 decb·

2233 1753 2388 1816 rabo
2407 1799 2424 1828 ,
2451 1755 2858 1822 nihilominus
2897 1768 3188 1842 respectu
3225 1761 3588 1829 humanitatis
3611 1787 3700 1832 aaa

2231 1855 2496 1928 apparet
2523 1849 2746 1914 efficax
2771 1853 2958 1930 ratio,
2987 1872 3200 1935 neque
3226 1873 3298 1918 ex
3339 1856 3504 1922 firmo
3525 1863 3696 1941 prinei·

2232 1942 2338 2023 pio
2364 1943 2738 2022 procedens,
2766 1946 2886 2008 nisi
2915 1953 3086 2011 recte
3129 1957 3476 2031 exponatur,
3503 1955 3700 2034 aliquid-

2234 2055 2358 2118 que
2390 2038 2448 2100 ei
2476 2039 2764 2104 addatur.
2791 2043 3179 2120 Declaratur,
3211 2046 3374 2126 quia,
3393 2045 3528 2111 licet
3549 2051 3700 2112 sitve·

2232 2149 2370 2193 rum
2403 2131 2806 2212 adoptionem
2829 2135 2976 2198 oriri
3016 2155 3148 2199 non
3179 2156 3255 2200 ex
3287 2146 3518 2214 natura,
3545 2145 3702 2205 seder

2231 2223 2672 2290 benevolentia
2701 2234 2762 2292 et
2789 2227 3044 2305 affectu,
3069 2249 3202 2294 non
3227 2239 3532 2297 nmenest
3547 2253 3700 2299 rcum

2237 2318 2460 2384 sistere
2505 2321 2572 2382 in
2617 2321 2754 2384 sola
2779 2321 3220 2388 benevolentia
3263 2331 3324 2388 et
3351 2327 3578 2402 affectu,
3606 2349 3702 2391 nan

2237 2419 2444 2494 potest
2470 2414 2722 2480 efficere
2749 2417 2988 2482 realem
3011 2419 3334 2492 unionem,
3371 2439 3482 2482 sm
3507 2422 3702 2486 aditha

2238 2509 2585 2572 terminari.
2615 2511 2914 2586 Quamvis
2931 2513 3104 2574 enim
3131 2515 3702 2598 hnmanaadoptiow-

2237 2601 2478 2665 luntate
2503 2602 2638 2683 flat,
2667 2612 2734 2670 et
2759 2605 2896 2668 sola
2929 2608 3282 2670 extrinseca
3317 2608 3474 2670 illius
3501 2609 3702 2672 demni-

2239 2698 2496 2758 natione
2537 2705 3032 2776 consummetur,
3073 2701 3227 2781 quia
3273 2702 3600 2782 imperfecta
3627 2713 3700 2774 sn.

2237 2793 2456 2852 tamen
2484 2791 2742 2873 adoptio
2785 2792 3000 2856 divina
3033 2813 3168 2858 non
3197 2796 3466 2858 consistit
3487 2797 3702 2860 salumin

2241 2884 2596 2946 extrinseca
2621 2883 3062 2972 benevolentia
3087 2895 3154 2950 et
3182 2889 3580 2968 acceptatione
3615 2891 3706 2963 Dei,

2241 2974 2353 3038 sed
2375 2975 2519 3040 facit
2542 2977 2780 3040 realem
2801 2981 3218 3044 mutationem
3237 2983 3306 3044 in
3331 2982 3615 3062 adoptato,
3632 2983 3708 3044 illi-
3775 2985 3777 2998 '

2240 3086 2364 3147 que
2393 3073 2818 3136 communicat
2841 3091 3026 3138 suam
3067 3081 3362 3140 naturam
3403 3083 3469 3139 et
3501 3077 3707 3138 divinu-

2238 3168 2366 3224 tem
2419 3165 2770 3230 secundum
2816 3166 3228 3233 intrinsecam
3273 3169 3586 3249 quamdam
3617 3173 3706 3246 ejus

2237 3260 2808 3340 participationem,
2835 3263 3014 3344 juxta
3061 3264 3256 3327 illud:
3303 3266 3532 3349 Ham
3557 3271 3602 3328 et
3621 3283 3706 3346 pr-

2239 3355 2400 3420 tim
2417 3357 2592 3422 nobie
2611 3357 2918 3437 promum
2937 3359 3208 3436 demit,
3227 3365 3300 3424 ut
3319 3359 3528 3424 &vina
3547 3360 3706 3436 efficis·
3777 3395 3780 3406 ·

2237 3465 2380 3512 mur
2399 3453 2704 3514 consortes
2731 3457 2996 3516 natura.
3029 3452 3148 3516 Per
3173 3452 3340 3516 hanc
3365 3459 3564 3514 autem
3583 3451 3706 3531 pani-

2241 3542 2620 3623 cipationem
2647 3550 2888 3608 naturus
2913 3544 3136 3610 divinas
3175 3565 3308 3613 uon
3331 3547 3530 3612 solum
3551 3545 3706 3607 affectu

2243 3637 2686 3716 conjungimur
2731 3638 2903 3717 Deo,
2939 3639 3054 3702 sed
3089 3641 3330 3721 reipsa
3375 3637 3706 3704 efficimini-iili

2243 3731 2499 3807 similes,
2535 3749 2654 3796 nec
2696 3732 2902 3796 solum
2929 3733 3278 3800 extrinsece
3326 3729 3706 3798 ordinatum-ad

2241 3825 2671 3892 haereditate-m
2695 3827 2836 3904 Dei,
2860 3826 2974 3890 sed
2989 3827 3330 3892 intrinsece
3355 3827 3624 3892 habemus
3638 3843 3708 3886 ns-

2241 3925 2474 3996 turam‚
2495 3922 2596 3986 cui
2623 3922 2732 3984 illa
2761 3921 3092 3986 haereditas
3117 3921 3432 4000 debetur3
3457 3940 3586 4001 ergo
3607 3919 3709 3980 divi·

2239 4033 2324 4076 na
2366 4015 2648 4097 adoptio,
2697 4016 2842 4080 licet
2883 4033 2961 4078 ex
2999 4014 3230 4078 affectu
3263 4023 3328 4080 et
3357 4011 3708 4080 benevolentis

2239 4107 2352 4172 Dei
2379 4109 2654 4188 gratuita
2694 4110 2954 4181 oriatur,
2995 4115 3208 4172 tamen
3235 4127 3371 4175 non
3399 4115 3493 4174 est
3511 4107 3622 4170 sols
3641 4104 3710 4166 de-

2239 4202 2586 4266 nominatio
2615 4203 2696 4266 ah
2725 4203 2854 4279 illa,
2885 4201 3000 4264 sed
3025 4209 3118 4267 eet
3151 4221 3306 4270 vcta.
3339 4209 3404 4266 et
3427 4201 3590 4266 realis
3605 4199 3708 4262 assi-

2241 4296 2502 4370 milatio,
2531 4315 2644 4360 seu
2673 4300 3029 4378 conjunctio
3057 4295 3345 4377 adoptati
3375 4296 3460 4358 ad
3486 4294 3710 4374 adoptan-

2238 4394 2406 4467 tem3
2445 4408 2600 4471 ergo
2627 4409 2706 4454 ex
2739 4393 2860 4456 hac
2880 4400 3060 4473 parte
3083 4409 3214 4453 non
3231 4396 3542 4471 repugnat
3557 4390 3708 4448 huma-

2239 4483 2498 4546 nitatem
2525 4486 2748 4548 Christi
2777 4505 2918 4550 esse
2945 4488 3332 4567 adoptatam,
3373 4483 3516 4563 quia
3539 4497 3600 4542 cx
3621 4477 3706 4540 solo

2238 4577 2466 4640 affectu
2497 4585 2559 4640 et
2583 4579 2856 4659 gratuita
2881 4578 3320 4646 benevolentia
3350 4577 3470 4643 Dei
3505 4574 3704 4638 ordinm

2233 4671 2356 4734 fuit
2369 4672 2454 4734 ad
2479 4671 2802 4744 unionem,
2830 4675 3115 4752 quamvis
3145 4671 3252 4736 ine
3299 4673 3546 4734 affectus
3565 4665 3704 4730 terui-

2231 4771 2421 4826 natus
2463 4764 2654 4828 fuerit
2707 4766 2790 4828 ad
2834 4767 3073 4831 realem
3121 4765 3620 4838 immutationem,
3639 4778 3704 4824 rs-

2230 4875 2496 4938 ramque
2521 4860 2822 4922 unionem
2847 4877 2992 4922 cum
3030 4860 3182 4922 Filio
3203 4859 3341 4922 Dei.

2312 4958 2374 5016 6.
2403 4957 2536 5018 Hoc
2575 4957 2788 5016 autem
2825 4956 3182 5032 constituto,
3226 4953 3624 5036 explicandus
3636 4969 3708 5012 su·

2227 5055 2442 5130 perest
2456 5093 2478 5126 ,
2529 5050 2584 5110 si
2633 5048 2822 5112 realis
2875 5048 3104 5114 infusio
3145 5049 3366 5130 gratim
3421 5053 3610 5112 emta
3643 5051 3705 5106 cst

2229 5147 2510 5226 adoptio,
2541 5164 2658 5208 cur
2681 5145 2874 5208 etiam
2901 5144 3092 5208 realis
3115 5147 3270 5208 unio
3299 5149 3532 5209 natoue
3548 5147 3706 5204 omna

2229 5257 2358 5302 non
2386 5238 2465 5302 sit
2505 5237 2782 5318 adoptio.
2811 5238 3172 5302 sicutenim
3197 5237 3434 5305 infusio
3451 5237 3622 5319 gratie
3639 5235 3732 5294 est·

2227 5351 2416 5413 supra
2431 5339 2724 5398 naturam
2737 5350 3026 5413 persona
3036 5351 3182 5396 cres
3191 5338 3290 5408 tin,
3310 5334 3397 5396 ita
3415 5333 3588 5396 etluec
3597 5329 3698 5390 unio

580 5423 862 5504 adoptat,
908 5426 1093 5506 quasi
1140 5432 1367 5506 optans
1414 5427 1649 5490 habere
1698 5427 1901 5492 filium
1918 5471 1939 5503 ,
1991 5445 2140 5492 cum
2223 5432 2317 5492 est
2331 5443 2524 5508 supra
2543 5433 2833 5490 naturam
2854 5427 3298 5502 humanitatis3
3321 5432 3388 5492 et
3403 5423 3702 5490 sicutillsin·

578 5516 907 5600 propriam
936 5523 1000 5580 et
1044 5520 1397 5584 naturalem
1444 5539 1577 5584 non
1621 5521 1873 5598 habeat,
1918 5539 2000 5584 ex
2047 5521 2138 5584 al'-
2216 5521 2384 5586 fusio
2411 5537 2489 5588 ex
2527 5520 2966 5586 benevolentia
3005 5520 3080 5588 fit
3109 5519 3198 5584 ad
3220 5535 3550 5603 personam
3569 5534 3628 5580 ex
3649 5531 3696 5574 se
