3892 6167
590 427 702 499 503
734 420 1035 489 Cordub.,
1066 418 1107 481 1.
1144 420 1173 477 1
1200 461 1217 490 ,
1264 433 1327 494 q.
1388 420 1427 477 5
1455 460 1471 489 ,
1528 415 1681 477 dub.
1728 419 1802 488 33
1838 416 2086 477 chric.
2125 460 2142 489 ,

586 517 873 591 Quodlib.
900 517 995 586 to,
1030 531 1093 589 q.
1124 513 1201 583 ὃς
1234 510 1413 571 Picus
1436 509 1816 584 Murandul.,
1838 511 1901 569 in
1932 509 2144 589 Apol..

586 628 651 689 q.
684 612 759 681 3;
792 607 1097 679 canisius,
1130 604 1241 665 lib.
1272 605 1309 664 5
1334 602 1413 663 de
1442 604 1511 663 B.
1540 603 1819 683 Virgine,
1845 621 1898 664 c.
1930 604 2007 663 15
2035 621 2052 677 ;
2083 607 2146 663 et

584 700 719 763 haec
748 699 1057 763 sententia
1082 714 1235 758 vera
1262 695 1419 757 mihi
1447 695 1713 757 videtur.

666 799 724 857 5.
762 794 1149 857 Humanitas
1195 789 1434 853 Christi
1452 795 1645 867 potest
1688 806 1729 851 a
1768 790 1950 855 Verbo
1979 789 2149 870 copi·

583 894 719 951 tatu
754 887 923 966 fidoli
944 882 1294 963 praescindi.
1318 914 1401 929 -·
1430 882 1509 943 Ut
1535 882 1728 961 igitur
1768 882 1901 943 haec
1932 881 2146 961 opinio

584 980 937 1043 declaretur
954 984 1017 1039 et
1038 976 1360 1056 probetur,
1389 993 1697 1054 suppono,
1724 975 1858 1037 sine
1893 975 2020 1035 ullo
2049 992 2144 1035 er-

581 1092 725 1137 rore
752 1072 854 1134 vel
883 1070 1255 1148 deceptione
1284 1069 1348 1129 in
1378 1068 1525 1139 fide,
1560 1074 1626 1129 et
1657 1068 1795 1129 sine
1822 1068 1950 1128 ulla
1980 1067 2141 1145 inju-

578 1168 676 1229 ria
714 1166 815 1227 vel
840 1164 1061 1227 morali
1113 1162 1375 1237 malitia,
1414 1180 1600 1239 posse
1650 1159 1869 1224 Christi
1920 1162 2142 1223 huma-

578 1257 841 1321 nitatem
861 1257 1237 1335 cogitatione
1262 1256 1587 1335 praescindi
1615 1274 1652 1315 a
1685 1271 1957 1333 persona
1990 1256 2142 1317 Ver·-

577 1353 665 1430 hi,
698 1353 761 1415 id
787 1352 956 1432 quod
996 1356 1211 1429 aperte
1242 1350 1429 1411 sentit
1463 1348 1777 1425 Damaso„
1810 1349 1915 1409 cit.
1950 1350 2087 1410 loco
2113 1392 2136 1423 ,

578 1456 641 1509 et
672 1464 893 1508 omnes
942 1444 1307 1507 Scholastici
1344 1450 1741 1522 supponunt3
1780 1448 1843 1505 et
1892 1441 2149 1505 constat'

573 1558 648 1603 ex
702 1542 807 1601 illo
864 1539 1213 1603 Aristotelis
1246 1542 1305 1609 2,
1346 1537 1561 1617 Phys„
1615 1544 1767 1599 text.
1824 1538 1903 1601 18
1936 1557 1947 1598 :
1985 1536 2138 1600 Aba·

572 1634 943 1699 trahentium
967 1650 1087 1695 non
1122 1639 1215 1695 esc
1246 1631 1643 1703 mendacium,
1684 1630 2130 1705 abstractione,

572 1728 840 1801 scilicet,
881 1726 1221 1807 praecisiva.
1280 1725 1457 1787 Unde
1496 1771 1513 1795 ,
1560 1724 1844 1803 quamvis
1890 1729 2132 1785 erraret

574 1821 639 1881 in
677 1820 827 1896 fide,
854 1821 960 1899 qui
988 1820 1073 1881 ita
1099 1818 1455 1897 conciperet
1481 1816 1935 1878 humanitatem
1962 1816 2130 1877 Clu-i-

575 1915 657 1975 sti
686 1913 819 1975 sine
864 1912 1095 1985 Verbo,
1136 1918 1202 1972 ut
1232 1913 1423 1973 etiam
1470 1910 1801 1983 divideret,
1833 1910 2128 1989 negando

570 2008 741 2069 illam
766 2024 905 2068 esse
946 2006 1185 2067 unitam
1215 2004 1445 2077 Verbo,
1492 2007 1707 2065 tamen
1730 2050 1751 2079 ,
1802 2004 1912 2083 qui
1956 2003 2127 2064 illam

566 2100 828 2181 praecise
861 2098 1151 2177 concipit,
1180 2098 1501 2172 nimirum,
1542 2098 1621 2159 de
1666 2096 1772 2158 illa
1826 2102 2127 2175 tanquam

568 2193 647 2255 de
684 2192 959 2271 quadam
984 2195 1207 2253 natura
1232 2191 1537 2271 cogitanS,
1562 2189 1719 2251 etde
1744 2190 1950 2251 Verbo
1977 2198 2128 2251 tunc

566 2305 699 2349 non
726 2285 1155 2359 considerem,
1186 2302 1397 2363 neque
1438 2285 1627 2345 etiam
1658 2283 2022 2363 concipiens
2061 2282 2126 2345 in

565 2380 673 2442 illa
724 2380 1001 2458 aliquam
1038 2395 1391 2457 personam,
1422 2377 1579 2439 nihil
1621 2378 1859 2457 cogitat
1898 2376 2128 2437 falsum

567 2480 675 2535 aut
716 2472 1005 2551 concipit,
1027 2472 1315 2549 quamvis
1342 2488 1469 2531 non
1496 2470 1681 2550 plene
1710 2474 1775 2531 et
1798 2470 2126 2549 adaequate

568 2586 702 2629 rem
729 2566 1080 2645 concipiat3
1106 2565 1195 2626 sic
1224 2565 1417 2645 igitur
1443 2564 1616 2625 nulla
1639 2571 1733 2625 est
1760 2564 2006 2626 falsitas
2024 2563 2126 2625 vel

567 2660 853 2739 deceptio
884 2660 947 2719 in
972 2660 1093 2721 hac
1111 2658 1501 2739 praecisione.
1536 2657 1714 2730 Quod
1741 2675 1890 2719 vero
1915 2676 2124 2739 neque

568 2755 697 2816 ulla
724 2753 963 2817 malitia
992 2754 1057 2813 in
1084 2770 1159 2814 eo
1190 2760 1335 2813 actu
1362 2752 1465 2827 sit,
1494 2770 1606 2831 per
1652 2769 1721 2813 se
1762 2757 1980 2813 notum
2036 2752 2124 2813 vi-

567 2848 775 2921 detur,
814 2848 960 2925 quia
989 2847 1079 2907 sic
1108 2847 1383 2925 cogitare
1420 2846 1499 2905 de
1530 2845 1747 2907 Christi
1777 2845 2123 2905 hamanita-

570 2952 627 3003 te
650 2942 751 3003 vel
780 2940 1013 3013 anima,
1044 2957 1172 3000 non
1200 2946 1298 3001 est
1343 2944 1561 2999 contra
1598 2938 1815 3011 fidem,
1848 2944 1917 2999 ut
1954 2937 2116 3011 dixi,

566 3052 775 3112 neque
806 3039 905 3095 est
930 3038 1144 3095 contra
1168 3032 1675 3104 charitatem,vel
1706 3031 2122 3093 reverentiam

566 3126 807 3191 Christo
860 3125 1162 3201 debitam,
1193 3126 1340 3205 quia
1393 3142 1521 3186 non
1552 3142 1803 3203 semper
1829 3131 2122 3187 tenemur

564 3239 645 3283 ex
674 3220 973 3283 charitate
1010 3220 1111 3280 vel
1164 3219 1469 3299 religione
1514 3218 1592 3279 de
1637 3218 1745 3279 illo
1792 3219 2112 3297 cogitare;

565 3333 715 3395 ergo
741 3314 946 3375 licebit
988 3311 1299 3373 interdum
1334 3312 1733 3373 considerare
1763 3312 2119 3373 humanita-

566 3413 690 3469 tem
720 3408 857 3486 ejus
881 3405 1231 3467 secundum
1258 3424 1333 3467 ea
1373 3422 1512 3484 quae
1537 3404 1625 3465 illi
1654 3404 1915 3482 praecise
1969 3421 2122 3465 con-

566 3502 851 3561 veniunt.
902 3500 1011 3559 Cui
1066 3499 1233 3559 enim
1288 3499 1353 3558 in
1388 3496 1509 3559 hoc
1554 3497 1623 3559 fit
1671 3497 1949 3577 injuria?
1983 3500 2121 3560 Non

564 3593 801 3669 Verbo,
830 3592 999 3671 quia,
1026 3601 1095 3653 ut
1122 3590 1273 3665 dixi,
1294 3608 1420 3653 non
1451 3597 1741 3651 tenemur
1772 3608 2024 3671 semper
2044 3590 2120 3653 dc

564 3686 671 3748 illo
714 3687 1004 3766 cogitare.
1042 3686 1193 3773 Non⁴
1221 3684 1599 3745 humanitati
1642 3683 1787 3763 ipsi,
1835 3686 2120 3765 quando-

564 3777 819 3856 quidem
850 3796 995 3840 vere
1022 3777 1368 3857 concipitur
1394 3778 1741 3839 secundum
1768 3796 1845 3839 ea
1867 3796 2008 3856 quae
2033 3780 2118 3841 illi

565 3872 967 3946 conveniunt,
1002 3870 1167 3933 etad
1186 3872 1322 3951 ejus
1346 3870 1793 3949 perfectionem
1824 3878 1887 3933 et
1917 3872 2118 3933 excel·

562 3964 821 4027 lentiam
856 3964 1194 4043 pertinent,
1226 3962 1509 4043 quamvis
1549 3981 1679 4024 non
1734 3965 2121 4045 concipiatur

560 4057 907 4121 secundum
944 4057 1179 4131 omnia,
1208 4074 1413 4135 neque
1456 4056 1719 4119 fortasse
1768 4060 2120 4119 secundum

562 4168 923 4230 supremam
965 4149 1395 4211 excellentiam
1422 4150 1584 4229 ejus,
1615 4150 1762 4227 quia
1798 4169 2006 4229 neque
2037 4152 2120 4213 ad

560 4244 683 4305 hoc
711 4244 901 4305 etiam
933 4260 1183 4322 semper
1208 4248 1540 4321 tenemur3
1575 4244 1739 4304 sicut
1767 4245 2118 4325 cogitantes

558 4338 639 4399 tle
669 4338 817 4410 Deo,
848 4355 975 4398 non
1004 4336 1167 4395 male
1206 4336 1469 4397 facimus
1496 4336 1972 4415 praescindendo
2001 4358 2116 4399 na-

560 4438 765 4492 turam
795 4450 833 4491 a
880 4429 1185 4509 personiS,
1225 4430 1325 4491 vel
1384 4449 1579 4491 unum
1620 4431 1986 4493 attributum
2029 4433 2112 4495 ab

560 4524 708 4596 alio,
738 4541 855 4585 nec
878 4540 1127 4601 semper
1150 4523 1229 4583 (lc
1266 4524 1367 4583 illo
1395 4524 1691 4585 attributo
1734 4524 2105 4603 cogitamuS,

557 4617 751 4696 quod,
796 4616 1141 4677 secundum
1164 4617 1477 4677 rationem
1526 4615 1855 4677 formalem
1900 4634 2104 4692 suam,

553 4711 862 4789 majorem
888 4708 1036 4770 dicit
1064 4709 1537 4788 perfectionem.

632 4806 693 4864 6.
727 4802 839 4865 Sic
884 4804 1153 4883 praecisa
1190 4809 1387 4884 potest
1428 4805 1496 4865 de
1526 4806 1716 4880 sacto,
1750 4820 1821 4867 ac
1847 4804 2100 4882 dejure,

554 4896 902 4958 adoratione
924 4899 1229 4975 prosequi.
1260 4928 1343 4943 -
1368 4896 1477 4957 His
1506 4895 1694 4970 addo,
1726 4913 1935 4974 neque
1965 4914 2104 4958 esse

547 4986 955 5067 impossibile,
980 5004 1188 5065 neque
1210 5006 1325 5067 per
1347 5006 1417 5050 se
1442 4987 1676 5049 malum
1697 4987 1962 5049 adorare
1991 4988 2108 5048 hu·

546 5072 912 5140 manit‘atcm
951 5080 1171 5142 Christi
1204 5082 1291 5143 sic
1318 5080 1577 5161 praecise
1624 5087 1994 5161 conceptam
2041 5088 2107 5143 et

546 5174 903 5251 cogitatam.
940 5173 1114 5233 Prior
1137 5192 1283 5251 pars
1308 5174 1388 5235 de
1418 5174 1695 5253 possibili
1721 5192 1833 5252 per
1854 5192 1922 5235 se
1953 5181 2102 5235 nota

1804 318 2040 381 QUAEST.
2073 316 2222 371 XXV.
2255 317 2458 373 Anne.
2489 318 2552 377 u.

2227 416 2462 495 experti
2493 420 2666 493 sunt,
2691 416 2850 479 sicut
2877 434 2980 480 me
3017 418 3202 483 etiam
3241 420 3422 487 fatcor
3453 444 3565 492 eam
3605 454 3680 499 ex.

2225 508 2440 588 periri,
2476 528 2686 587 neque
2713 511 2940 572 melius
2973 512 3258 575 existimo
3275 523 3530 595 cognosci
3544 544 3679 602 posse

2227 620 2417 681 quam
2445 602 2800 665 exercendo
2825 604 3050 684 ipsam.
3081 606 3240 667 Tam
3270 616 3536 687 praeterea
3559 622 3679 697 quia,

2231 696 2384 757 dum
2439 697 2793 759 intellectus
2847 697 2940 762 sic
2987 699 3253 780 concipit
3289 700 3678 788 humanitatem,

2229 790 2502 871 concipit
2526 790 2698 851 illam
2726 798 2791 853 ut
2818 792 3154 855 habentem
3179 794 3436 857 animam
3477 802 3680 869 rationa-

2227 882 2376 957 lem,
2407 888 2472 945 et
2497 888 2702 963 potest
2731 885 2922 947 etiam
2957 886 3284 965 concipere
3323 893 3386 949 ut
3423 890 3682 959 habentem

2227 976 2520 1057 gratiam,
2553 984 2615 1039 et
2645 984 2716 1039 ut
2747 977 3068 1041 videntem
3097 978 3312 1053 Deum,
3337 986 3400 1043 ut
3425 992 3598 1063 postea
3623 991 3682 1053 di-

2222 1088 2362 1131 cam
2387 1092 2403 1144 3
2442 1088 2593 1151 ergo
2623 1070 2894 1152 concipit
2921 1072 3091 1133 illam
3117 1077 3338 1134 utrem
3361 1082 3682 1145 veneratione

2221 1162 2503 1241 dignam,
2535 1170 2728 1245 atque
2769 1164 2932 1227 adeo
2979 1170 3050 1227 ut
3101 1164 3408 1227 sufficiens
3441 1170 3682 1250 objectum

2220 1256 2486 1335 alicujus
2515 1256 2920 1319 adorationis.
2965 1256 3297 1337 Supposito
3325 1266 3513 1322 autem
3535 1266 3683 1345 objec-

2224 1354 2310 1425 to,
2344 1366 2422 1409 ex
2453 1355 2632 1429 parte
2665 1349 2938 1411 hominis
2963 1368 3088 1413 non
3119 1350 3296 1411 deest
3319 1350 3550 1415 facultas
3577 1361 3685 1423 udo-

2220 1440 2424 1517 randi,
2457 1448 2526 1503 ut
2569 1460 2682 1523 per
2709 1460 2777 1503 se
2819 1450 3042 1505 notum
3091 1450 3190 1505 est
3209 1463 3228 1519 3
3261 1452 3354 1505 est
3377 1463 3508 1527 ergo
3543 1455 3683 1529 possi·

2217 1532 2360 1595 bilis
2387 1535 2520 1597 haec
2549 1535 2852 1597 adoratio.

2297 1631 2355 1687 7.
2391 1627 2614 1692 Prima
2641 1630 2888 1706 objectio
2917 1630 3434 1693 colonam—Item
3465 1640 3678 1703 secuda.

2212 1752 2292 1766 —
2311 1722 2534 1783 Dicunt
2561 1722 2750 1801 aliqui
2790 1722 3250 1785 humanitatem
3285 1724 3374 1787 sic
3396 1736 3680 1809 conceptam

2212 1832 2341 1875 non
2389 1815 2633 1893 concipi
2682 1822 2746 1877 ut
2781 1820 3178 1888 existentem,
3207 1836 3350 1877 nam
3385 1820 3556 1883 existit
3587 1826 3683 1885 exi-

2211 1907 2438 1969 stentia
2469 1908 2653 1969 Verbi
2677 1954 2698 1985 ,
2731 1910 2880 1971 etin
2908 1908 3018 1969 illa
3045 1908 3136 1970 sic
3171 1911 3420 1989 praecise
3452 1925 3682 1995 concepta

2208 2017 2335 2061 non
2391 1999 2705 2061 clauditur
2753 2002 3080 2063 existentia
3111 2002 3502 2085 Verb13ergo
3542 2016 3591 2069 ut
3619 2012 3684 2071 sic

2207 2110 2332 2153 non
2365 2098 2460 2155 est
2505 2092 2868 2167 adorabilis,
2899 2095 3045 2175 quia
3077 2113 3212 2157 non
3261 2103 3353 2158 est
3397 2097 3680 2177 adorabilis

2207 2186 2324 2245 nisi
2373 2204 2477 2247 res
2513 2188 2810 2249 existens.
2841 2188 3288 2266 Respondetur
3325 2189 3586 2269 imprimis
3606 2194 3681 2255 fal-

2210 2298 2346 2339 sum
2376 2298 2518 2341 esse
2548 2287 2962 2361 assumptum,
2995 2288 3063 2343 ut
3091 2288 3266 2363 patet
3301 2301 3375 2343 ex
3415 2302 3574 2364 supra
3593 2288 3682 2349 dic·

2209 2374 2309 2445 tis,
2341 2390 2405 2451 q.
2439 2374 2539 2435 17.
2583 2374 2844 2447 Deinde,
2871 2376 3062 2436 etiam
3092 2377 3206 2455 qui
3229 2377 3492 2439 sentiunt
3521 2380 3680 2441 huma·

2207 2467 2470 2528 nitatem
2497 2468 2768 2529 existere
2795 2468 2927 2529 sola
2972 2469 3306 2531 existentia
3332 2470 3523 2545 Verbi,
3547 2490 3682 2553 nega·

2207 2558 2364 2620 bunt
2391 2558 2655 2623 fortasse
2685 2561 3074 2623 existentiam
3099 2579 3238 2623 esse
3272 2562 3576 2625 intrinsece
3605 2585 3681 2625 ne·

2209 2654 2550 2716 cessariam
2601 2656 2668 2715 in
2721 2655 2966 2734 objecto
3015 2656 3330 2719 adorabili
3357 2700 3380 2732 ‚
3421 2657 3680 2739 dicentque

2206 2747 2492 2809 sufficere
2519 2748 2859 2811 essentiam
2886 2749 3204 2811 actualem
3235 2755 3298 2811 et
3330 2750 3678 2813 excellentem.

2203 2841 2317 2901 Vel
2349 2841 2538 2903 etiam
2591 2842 2802 2903 dicere
2839 2849 3156 2921 poterunt,
3196 2841 3436 2922 concipi
3459 2844 3678 2905 humani-

2205 2938 2398 2995 tatem
2433 2941 2502 2996 ut
2539 2936 2938 3009 existentem,
2973 2934 3443 3015 praescindendo
3474 2956 3510 2997 a
3544 2938 3680 3017 parti-

2202 3028 2400 3089 culari
2443 3028 2770 3089 existentia
2815 3046 2944 3109 qua
2996 3030 3234 3091 existit.
3273 3029 3443 3091 Dicet
3485 3029 3680 3089 ulterius

2201 3120 2450 3199 aliquiS,
2484 3139 2562 3184 ex
2583 3122 2649 3183 D.
2682 3122 2926 3183 Thema
2963 3121 3084 3193 hic,
3117 3122 3324 3185 solum
3371 3123 3678 3202 suppositum

2201 3231 2335 3275 esse
2371 3214 2715 3289 adorabile,
2749 3216 2898 3295 quia
2923 3214 3212 3277 adoratio
3244 3234 3356 3295 per
3387 3234 3450 3277 se
3472 3215 3678 3275 tenditin

2200 3324 2334 3367 rem
2362 3308 2840 3381 subsistentem;
2873 3308 2986 3371 sed
3013 3306 3379 3369 humanitas
3405 3315 3468 3369 ut
3494 3309 3564 3369 sic
3579 3326 3678 3369 con-

2201 3405 2382 3479 cepta
2411 3418 2540 3461 non
2570 3407 2664 3462 est
2697 3400 3081 3473 subsistens;
3118 3418 3274 3480 ergo
3304 3407 3374 3461 ut
3397 3400 3476 3461 sic
3501 3418 3598 3459 non
3614 3408 3676 3459 est

2203 3491 2560 3554 adorabilis.
2601 3492 3066 3572 Respondetur,
3113 3491 3576 3573 assumptionem
3615 3492 3676 3553 in-

2203 3586 2609 3667 telligendam
2639 3604 2776 3649 esse
2805 3586 2884 3649 de
2911 3587 3282 3649 adoratione
3306 3586 3535 3649 omnino
3551 3584 3678 3645 abso·

2201 3678 2330 3742 luta
2373 3686 2436 3741 et
2463 3678 2820 3760 completa3
2850 3680 2988 3743 haec
3037 3682 3212 3743 enim
3253 3680 3488 3761 proprie
3512 3698 3572 3741 ae
3600 3696 3678 3757 per

2203 3791 2269 3833 se
2297 3774 2500 3853 primo
2534 3775 2909 3835 terminatur
2937 3772 3018 3834 ad
3049 3774 3456 3855 suppositum.
3483 3773 3547 3833 At
3567 3790 3673 3831 vero

2201 3866 2410 3945 aliqua
2433 3864 2738 3943 adoreae,
2765 3867 2865 3929 vel
2891 3866 3266 3947 respectiva,
3295 3866 3390 3929 vel
3415 3862 3676 3943 incomple-

2199 3966 2285 4032 ta,
2319 3966 2390 4021 ut
2423 3958 2514 4021 sie
2558 3958 2804 4034 dicam,
2851 3964 3060 4041 potest
3101 3959 3420 4023 terminari
3445 3958 3512 4021 ad
3545 3962 3678 4019 natu·

2198 4070 2357 4130 ram,
2390 4053 2490 4113 vel
2519 4053 2601 4113 ad
2622 4060 2890 4133 partem,
2917 4054 2969 4115 si
2998 4053 3102 4115 illa
3134 4054 3392 4135 praecise
3437 4052 3678 4131 concipia-

2198 4150 2302 4206 tur
2340 4148 2458 4207 sub
2489 4146 2698 4225 aliqua
2740 4147 3059 4227 dignitatis
3106 4147 3388 4220 ratione;
3421 4152 3676 4207 namtuuc

2198 4239 2385 4301 etiam
2414 4239 2626 4320 quoad
2669 4240 2924 4305 modum
2976 4240 3374 4323 concipiendi
3399 4238 3678 4323 apprehen·

2195 4332 2364 4393 ditur
2377 4350 2491 4412 per
2511 4334 2769 4395 modum
2783 4336 2974 4395 totius
2995 4342 3056 4397 et
3081 4335 3266 4415 quasi
3281 4351 3465 4415 perse
3485 4331 3672 4405 stantis;

2193 4444 2320 4487 non
2353 4428 2522 4507 quod
2563 4428 2627 4489 in
2648 4426 2786 4507 ipso
2817 4428 3062 4507 objecto
3097 4424 3574 4507 apprehendatur
3593 4440 3672 4501 per

2191 4538 2259 4581 se
2317 4519 2674 4593 existentia;
2702 4527 2870 4581 esset
2908 4520 3076 4581 enim
3105 4520 3259 4583 falsa
3291 4516 3666 4600 apprehensio;

2190 4613 2303 4674 sed
2325 4614 2494 4692 quod
2523 4614 2584 4674 in
2614 4614 2803 4675 modo
2830 4614 3106 4676 solitarie
3127 4608 3593 4694 apprehendatur
3611 4606 3666 4668 ad

2187 4708 2446 4768 modum
2473 4706 2565 4767 rei
2593 4726 2706 4787 per
2733 4726 2803 4769 se
2828 4708 3050 4769 stantis
3079 4725 3096 4781 ;
3129 4704 3252 4769 hoc
3291 4725 3434 4785 ergo
3456 4706 3578 4765 satis
3601 4705 3664 4762 est

2187 4807 2255 4862 ut
2291 4801 2416 4861 tale
2435 4799 2752 4880 objectum
2770 4802 2848 4863 sit
2875 4800 3221 4878 adorabile,
3240 4801 3294 4862 si
3315 4796 3526 4879 alioqui
3545 4794 3666 4855 suffi·
3776 4878 3777 4881 Ἴ

2188 4892 2458 4955 cientem
2494 4893 2724 4955 habeat
2765 4894 3198 4957 excellentiam
3233 4900 3299 4956 et
3335 4894 3657 4971 dignitatem.
3776 4904 3777 4919 ¹

2265 4988 2326 5049 8.
2359 4986 2501 5050 Jam
2535 5005 2706 5061 vere,
2743 4989 3064 5068 supposita
3102 4988 3292 5067 hujus
3325 4994 3485 5047 actus
3519 4979 3666 5063 possi-

2185 5080 2448 5159 bilitate,
2479 5078 2648 5160 quod
2675 5098 2788 5161 per
2811 5099 2879 5141 se
2909 5080 3113 5141 malus
3136 5099 3264 5142 non
3293 5081 3388 5155 sit,
3420 5097 3480 5139 sc
3511 5076 3662 5157 proin·
3776 5164 3777 5171 ἵ

2183 5178 2263 5239 de
2293 5177 2372 5239 sit
2401 5176 2736 5258 possibilis,
2768 5194 2898 5235 non
2923 5180 3161 5235 tantum
3190 5174 3373 5249 factO,
3401 5170 3500 5233 sed
3521 5168 3658 5228 etiam

542 5266 811 5339 videtur,
844 5274 978 5327 tum
1009 5268 1154 5346 quia
1182 5269 1359 5329 nulla
1384 5268 1631 5329 ostendi
1670 5276 1871 5348 potest
1910 5288 2105 5349 repu-
2173 5272 2342 5351 jure,
2377 5271 2698 5351 probatur,
2731 5270 2880 5349 quia
2908 5269 3048 5329 talis
3075 5267 3353 5329 adoratio
3389 5280 3564 5341 neque
3587 5266 3654 5321 est

541 5360 836 5439 guantia3
866 5366 1000 5421 tum
1032 5379 1110 5423 ex
1138 5362 1275 5441 ipso
1318 5378 1632 5435 usu,nam
1676 5369 1842 5425 certe
1886 5363 2100 5426 docto·
2179 5364 2493 5444 prohibita
2535 5364 2680 5445 jure
2710 5364 2976 5445 positivo
3013 5360 3225 5424 divino
3267 5368 3376 5423 aut
3417 5359 3655 5424 humano,

528 5471 659 5528 res,
690 5456 805 5533 qui
857 5454 1018 5517 hanc
1068 5455 1499 5517 adorationem
1538 5457 1908 5529 docuerunt,
1955 5476 2096 5519 eam
2155 5452 2296 5519 ‘nec
2313 5459 2458 5539 jure
2489 5456 2758 5519 naturali
2787 5478 2805 5533 3
2839 5474 2990 5537 ergo
3035 5474 3163 5517 non
3201 5461 3296 5517 est
3320 5452 3490 5515 mala.
3515 5452 3657 5511 Ante·
