3892 6167
619 311 737 373 64⁴

619 419 785 489 liter,
813 419 874 475 et
903 409 1238 474 intrinsece
1271 407 1708 471 excellentiam
1733 407 2009 486 aliquam
2038 423 2182 485 pro-

621 517 762 591 pter
786 523 973 586 quam
1017 502 1098 564 sit
1125 501 1467 574 adoranda,
1500 501 1669 580 quia,
1713 499 1858 563 licet
1895 499 1959 560 in
1992 516 2067 559 ea
2104 497 2185 558 sit

623 603 849 684 figura,
881 596 982 660 vel
1011 595 1199 658 etiam
1231 595 1448 656 relatio
1490 593 1571 656 ad
1599 591 1937 673 exemplar,
1969 597 2181 652 tamen

621 697 746 757 hoo
766 699 967 755 totum
991 707 1120 750 non
1150 687 1470 750 constituit
1495 687 1664 748 illam
1691 683 2063 747 adoratione
2089 682 2185 744 di-

626 805 838 870 gnam,
873 784 985 846 sed
1013 782 1215 844 solum
1239 780 1576 860 exemplar,
1604 786 1915 860 quatenus
1952 783 2023 839 ut
2061 778 2187 839 for-

627 900 732 944 ma
764 879 1133 950 extrinseca,
1180 882 1243 937 et
1279 875 1587 938 terminus
1624 872 2003 936 habitudinis
2034 871 2187 933 ima-

629 975 792 1058 ginis
828 971 910 1034 ad
959 971 1190 1051 ipsum,
1227 967 1398 1030 illam
1435 967 1782 1030 sanctificat
1815 971 1878 1030 et
1927 983 2186 1029 venera-

625 1070 820 1131 bilem
848 1064 1075 1127 reddit.
1107 1060 1266 1126 Cum
1297 1067 1510 1123 autem
1543 1061 1854 1142 objicitur,
1883 1060 2187 1123 extrinse-

628 1178 767 1224 cam
795 1157 1226 1221 excellentiam
1253 1172 1378 1216 non
1412 1173 1596 1235 posse
1625 1155 1872 1216 efficere
1903 1160 1973 1216 ut
1998 1155 2187 1215 homo

627 1250 1080 1314 rationabiliter
1119 1248 1365 1323 serviat,
1403 1254 1512 1309 aut
1541 1267 1609 1309 se
1638 1247 1965 1309 submittat
1988 1246 2086 1308 rei
2112 1248 2189 1308 ir-

627 1343 950 1418 rationali,
1008 1339 1427 1420 respondetur
1497 1341 1666 1421 quod
1729 1341 1780 1402 si
1844 1341 1981 1402 baec
2032 1341 2189 1402 ratio

630 1440 967 1520 quicquam
995 1435 1255 1507 valeret,
1303 1435 1489 1496 etiam
1519 1435 1816 1515 probaret
1849 1435 2190 1514 imaginem

627 1550 758 1595 non
803 1548 940 1593 esse
981 1527 1366 1592 adorandam
1413 1545 1490 1590 ex
1528 1529 1780 1609 propria
1819 1534 1884 1591 et
1923 1546 2073 1590 vera
2102 1528 2192 1590 in·

627 1624 914 1688 tentione
963 1623 1190 1695 cultus,
1242 1622 1431 1683 etiam
1469 1637 1612 1682 cum
1654 1629 2009 1704 prototypo,
2042 1623 2192 1701 quia

632 1719 821 1781 etiam
849 1723 1003 1778 tunc
1049 1716 1263 1788 homo,
1313 1713 1536 1777 saltem
1565 1733 1644 1776 ex
1683 1722 1885 1796 parte,
1931 1717 2193 1776 serviret

633 1816 934 1875 creaturae
961 1808 1306 1872 irrationali
1333 1817 1588 1891 propter
1611 1809 2024 1872 extrinsecam
2050 1828 2192 1871 cau-

633 1923 790 1968 sam.
824 1903 940 1966 Vel
970 1903 1023 1964 si
1056 1902 1210 1965 illud
1254 1909 1347 1964 est
1375 1903 1635 1978 licitum,
1666 1902 1878 1964 licebit
1904 1901 2095 1963 etiam
2122 1900 2193 1962 il-

629 1999 760 2060 lum
786 1994 1047 2057 modum
1072 1995 1382 2056 servitutis
1411 1995 1709 2057 exhibere
1740 1995 2023 2075 imagini,
2050 2012 2189 2076 pro-

631 2097 774 2172 pter
801 2079 1144 2167 eiemplar,
1163 2088 1449 2167 quamvis
1467 2088 1723 2168 praecise
1742 2088 1831 2170 (ut
1853 2088 1938 2149 ita
1960 2087 2188 2166 dicam)

633 2191 698 2245 et
726 2181 1063 2261 separatim
1097 2187 1483 2244 exerceatur.
1525 2179 1709 2244 Unde
1733 2226 1749 2254 ,
1783 2181 1891 2260 qui
1927 2181 2048 2243 hac
2092 2197 2192 2242 ra-

631 2275 801 2339 tione
827 2279 1114 2348 utuntur,
1157 2291 1412 2336 omnem
1452 2293 1669 2335 veram
1707 2273 2001 2355 imaginis
2045 2273 2193 2336 ado·

631 2368 940 2431 rationem
989 2373 1270 2428 evertere
1315 2366 1670 2429 intendunt.
1713 2367 2065 2429 Dicendum
2100 2373 2195 2428 est

635 2479 785 2543 ergo
811 2460 1054 2522 nullum
1091 2477 1230 2522 esse
1277 2460 1753 2530 inconveniens,
1789 2460 1960 2540 quod
2004 2462 2193 2523 homo

633 2555 844 2633 aliquo
869 2553 1058 2614 modo
1089 2571 1156 2614 se
1199 2552 1522 2617 submittat
1551 2556 1643 2615 rei
1663 2553 2032 2632 irrationali,
2065 2572 2193 2616 non

631 2653 891 2728 propter
935 2647 1160 2726 ipsam,
1211 2645 1325 2707 sed
1363 2652 1620 2726 propter
1667 2647 1988 2728 exemplar
2024 2644 2198 2725 quod

633 2745 1059 2820 repraesentat,
1085 2737 1233 2818 quia
1261 2739 1380 2801 hoc
1406 2757 1535 2800 non
1562 2747 1657 2801 est
1698 2741 1929 2802 servire
1956 2747 2199 2802 creatu·

633 2851 720 2895 rae
742 2839 1000 2913 propter
1027 2833 1336 2911 seipsam,
1370 2832 1478 2893 sed
1499 2839 1756 2912 propter
1778 2836 2003 2904 Deum,
2025 2834 2198 2914 quod

635 2932 731 2987 est
749 2925 982 2987 servire
1009 2926 1140 2986 Deo
1168 2925 1232 2984 in
1260 2924 1417 3004 ipsa.
1436 2925 1617 2988 Unde
1638 2945 1750 3006 per
1770 2927 1892 2988 tale
1923 2927 2196 2990 officium

635 3017 1018 3080 adorationis
1061 3017 1252 3078 homo
1290 3034 1419 3078 non
1461 3017 1552 3080 ita
1583 3036 1651 3080 se
1696 3020 2002 3082 submittit
2041 3021 2197 3082 ima-

637 3109 769 3190 gini
799 3155 815 3184 ‚
848 3115 918 3172 ut
960 3109 1324 3189 profiteatur
1367 3128 1433 3173 se
1480 3111 1842 3174 inferiorem
1879 3113 1987 3175 illa
2016 3159 2037 3191 ,
2084 3113 2198 3177 sed

637 3203 837 3264 solum
854 3201 1183 3282 profitetur
1197 3203 1537 3283 imaginem
1562 3206 1900 3284 pertinere,
1916 3225 2029 3270 seu
2058 3225 2196 3270 esse

641 3295 880 3375 aliquid
900 3296 1058 3376 ejus,
1085 3297 1192 3374 qui
1224 3296 1511 3376 superior
1539 3305 1603 3360 et
1631 3299 2032 3363 excellentior
2060 3307 2193 3376 est;

637 3388 906 3467 ideoque
947 3386 1205 3466 dignam
1247 3406 1384 3450 esse
1424 3407 1564 3468 quae
1610 3391 1691 3452 ab
1735 3391 1992 3456 homine
2018 3411 2199 3456 reve·

636 3487 852 3543 renter
873 3485 1194 3542 tractetur.
1211 3480 1305 3542 Ad
1324 3481 1586 3544 alteram
1609 3501 1758 3545 vero
1784 3485 2200 3564 objectionem

633 3576 768 3655 jam
813 3591 1184 3653 responsum
1237 3580 1353 3646 est,
1401 3574 1833 3638 excellentiam
1884 3577 2201 3658 prototypi

640 3686 777 3730 esse
797 3665 1146 3747 proximam
1165 3667 1472 3729 rationem
1497 3667 1802 3732 adorandi
1822 3668 2158 3750 imaginem
2178 3689 2194 3744 ;

641 3760 788 3823 inde
817 3765 1029 3822 autem
1070 3777 1200 3821 non
1235 3759 1329 3834 fit,
1367 3763 1864 3842 quotiescunque
1901 3762 2203 3826 adoratur

641 3856 877 3935 imago,
907 3854 1262 3916 necessario
1285 3852 1531 3916 adorari
1557 3858 1878 3936 exemplar
1902 3863 1969 3920 ut
1989 3857 2202 3937 objec-

641 3951 778 4010 tum
807 3947 976 4026 quod
1007 3946 1303 4028 primario
1329 3947 1668 4026 adoratur;
1699 3967 1869 4024 nam,
1897 3957 1968 4013 ut
1996 3958 2205 4013 osten-

645 4041 874 4117 dimus,
896 4041 1032 4102 fieri
1053 4047 1258 4122 potest
1277 4041 1339 4102 in
1363 4047 1510 4104 actu
1533 4043 1884 4106 intellectus
1909 4045 2206 4107 etvolun·

644 4135 814 4210 tatia,
843 4141 914 4196 ut
939 4134 1096 4196 ratio
1138 4134 1440 4210 formalis,
1472 4135 1534 4197 in
1565 4155 1690 4218 qua
1717 4136 2041 4212 fundatur,
2075 4156 2204 4201 non

646 4228 988 4306 attingatur
1021 4227 1284 4302 directe,
1315 4233 1380 4290 et
1418 4233 1487 4290 ut
1501 4230 1695 4310 quod,
1725 4249 1841 4311 per
1874 4231 2069 4294 talem
2100 4248 2206 4292 ac-

645 4323 806 4392 tum,
836 4319 949 4380 sed
982 4325 1226 4380 tantum
1257 4321 1542 4400 oblique,
1575 4328 1639 4385 et
1672 4331 1740 4387 ut
1772 4343 1920 4403 quo.

725 4415 826 4474 43.
889 4412 1188 4477 Adoratio
1247 4415 1582 4479 excellentis
1638 4434 1908 4498 persona·
1964 4420 2110 4502 pari
2116 4425 2208 4484 ter

649 4507 816 4569 circa
843 4511 1092 4576 terram,
1136 4523 1206 4568 ac
1245 4508 1574 4588 imaqinem
1603 4509 1865 4574 emer-ceri
1910 4513 2071 4575 valet
2092 4539 2117 4586 ;
2140 4516 2206 4576 at

645 4605 814 4662 terra
833 4604 977 4664 tunc
1001 4615 1118 4660 nou
1144 4599 1460 4677 adoratur,
1487 4619 1654 4665 secus
1675 4604 1798 4665 ima
1801 4621 1897 4686 ρο,
1920 4611 1978 4668 et
1996 4623 2199 4686 quare·

643 4723 724 4741 --
752 4690 848 4753 Ad
872 4689 1409 4754 confirmationem
1448 4695 1738 4757 secundae
1775 4696 2061 4773 rationis,
2091 4699 2205 4760 fal-

647 4803 785 4848 sum
830 4784 1086 4846 omnino
1127 4791 1223 4848 est
1271 4786 1686 4850 intentionem
1725 4790 1840 4852 rite
1885 4791 2203 4855 adorantis

646 4896 772 4939 non
807 4896 944 4940 esse
974 4878 1238 4940 adorare
1266 4880 1630 4960 imaginem,
1661 4881 1772 4944 sed
1801 4883 2006 4944 solum
2034 4901 2210 4946 exer-

645 4989 816 5050 cere,
848 4972 1012 5033 circa
1040 4971 1234 5050 illam,
1254 4974 1568 5037 actionem
1595 4993 1719 5054 qua
1758 4976 1980 5040 adorat
1998 4985 2210 5058 proto-

641 5069 863 5146 typon,
897 5083 1045 5127 nam
1084 5065 1233 5128 inde
1273 5066 1476 5141 fieret,
1504 5069 1845 5149 imaginem
1881 5089 2209 5151 nunquam

639 5175 789 5219 vere
839 5157 1109 5232 adorari,
1168 5160 1337 5238 quod
1384 5159 1788 5223 falsissimum
1842 5169 1974 5240 est;
2028 5164 2207 5226 fieret

639 5250 830 5311 etiam
860 5250 1198 5330 imaginem
1244 5269 1373 5313 non
1403 5255 1604 5333 magis
1649 5273 1784 5317 esse
1812 5256 2202 5318 adorabilem

639 5359 831 5422 quam
866 5343 944 5406 sit
975 5351 1161 5419 terra,
1193 5361 1382 5424 quam
1414 5347 1782 5424 osculandO,
1827 5356 2035 5429 potest
2062 5350 2205 5430 quis

638 5437 842 5498 Deum
881 5436 1169 5514 adorare,
1199 5457 1316 5518 per
1363 5440 1533 5504 illam
1579 5443 1887 5506 actionem
1933 5444 2203 5507 submis-

1839 302 2073 371 QUAEST.
2100 303 2246 362 XXV.
2277 305 2477 361 ARth.
2510 303 2595 358 lu.

2261 405 2501 468 sionem
2549 401 2648 464 sui
2696 400 2885 464 animi
2934 399 3023 463 ad
3064 400 3265 461 Deum
3290 399 3601 481 profitendo.
3624 417 3701 485 Nee

2262 497 2490 560 desunt
2534 495 2823 559 moderni
2858 494 3192 574 Theologi,
3224 495 3327 574 qui
3370 495 3426 556 in
3468 500 3626 582 rigore
3652 513 3703 576 ita

2262 611 2399 655 esse
2444 592 2783 665 fateantur,
2814 589 3149 667 solumque
3194 586 3260 647 in
3294 605 3405 649 usu
3438 592 3579 658 aiunl
3618 620 3703 670 ess„

2262 685 2631 748 nonnullam
2674 681 3127 753 differentiam,
3158 680 3305 760 quia
3330 681 3512 763 imago
3536 695 3707 772 estjam

2264 779 2469 843 dicata
2503 776 2585 838 ad
2612 776 3064 851 exercendum,
3088 775 3254 835 circa
3293 774 3472 855 illam,
3497 779 3710 852 adoratio.

2265 889 2415 935 nem
2455 871 2589 946 Dei,
2634 875 2801 932 terra
2844 887 2997 932 vero
3026 885 3159 931 non
3188 873 3280 930 est
3322 869 3397 931 ad
3428 871 3531 936 hoc
3556 895 3712 946 munus

2268 965 2623 1046 specialiter
2651 963 2978 1046 deputata,
3022 961 3172 1024 licet
3211 977 3289 1022 ex
3326 961 3560 1029 hominis
3590 971 3713 1039 liber.

2268 1064 2417 1132 tate‚
2451 1064 2513 1120 et
2542 1055 2839 1138 peculiari
2869 1057 3103 1118 affectu
3134 1055 3326 1136 possit
3356 1056 3430 1118 ad
3468 1059 3524 1120 id
3558 1081 3713 1129 munus

2269 1151 2527 1214 assumi.
2554 1151 2674 1214 Sed
2702 1167 2923 1212 revera
2950 1165 3347 1227 consequens
3366 1149 3501 1212 illud
3521 1153 3713 1223 alienum

2271 1249 2365 1306 est
2400 1263 2439 1306 a
2479 1261 2667 1306 sensu
2712 1243 3167 1315 conciliorum,
3214 1249 3274 1306 et
3309 1243 3636 1326 Sanctorum,
3656 1254 3713 1314 (11.

2272 1339 2572 1412 centium,
2612 1337 2925 1416 imagines
2950 1381 2966 1412 ,
3020 1343 3085 1398 et
3111 1353 3215 1399 res
3242 1335 3389 1398 alias
3417 1355 3606 1417 sacraS,
3627 1361 3713 1410 esse

2271 1449 2418 1493 vero
2448 1431 2687 1492 honore
2732 1435 2795 1493 et
2820 1428 3233 1492 veneratione
3272 1429 3498 1509 dignas,
3524 1437 3713 1512 quotide

2271 1531 2437 1586 terra
2474 1521 2593 1586 dici
2640 1541 2769 1584 non
2818 1529 3051 1604 potest,
3084 1524 3461 1601 quantumvis
3492 1524 3714 1594 deoscula-

2272 1617 2440 1680 tione
2482 1617 2617 1696 ejus
2665 1616 2803 1696 quis
2849 1619 3065 1677 utatur
3107 1615 3191 1677 ad
3234 1615 3533 1679 colendum
3568 1621 3712 1700 Deum,

2272 1727 2480 1792 neque
2511 1710 2671 1772 ullus
2698 1715 2867 1772 recte
2898 1709 3185 1772 sentiens
3208 1708 3385 1784 dicet,
3410 1727 3508 1791 per
3530 1730 3636 1774 eum
3657 1733 3717 1777 ac-

2274 1811 2407 1868 tum
2435 1821 2583 1866 vere
2624 1821 2697 1866 ac
2728 1804 2981 1886 proprie
3012 1802 3263 1864 adorari
3289 1805 3516 1882 terram,
3540 1825 3647 1868 cum
3666 1817 3716 1871 ta-

2271 1916 2422 1961 men
2452 1897 2659 1978 imago
2688 1914 2833 1960 vere
2878 1915 2954 1960 ac
2992 1897 3249 1978 proprie
3275 1895 3553 1974 adoretur,
3578 1907 3628 1964 ut
3656 1922 3719 1965 os·

2270 1992 2608 2054 tendimus,

2350 2088 2451 2147 44.
2482 2083 2708 2148 Tertia·
2719 2083 3091 2165 principalis
3119 2084 3373 2150 rationis
3402 2087 3715 2154 solatia—Ad

2270 2179 2516 2240 tertiam
2548 2178 2882 2254 rationem,
2909 2175 3194 2239 concedo
3218 2178 3372 2240 banc
3394 2179 3714 2244 adorationem

2274 2271 2565 2351 imaginis
2603 2271 2825 2336 Christi
2874 2288 3018 2334 esse
3053 2277 3265 2334 actum
3309 2271 3596 2351 religionis,
3625 2275 3717 2352 quia

2274 2380 2405 2425 non
2446 2370 2694 2444 oportet
2734 2370 2805 2426 ut
2847 2363 3074 2444 religio
3107 2381 3359 2426 omnem
3402 2383 3554 2427 suum
3578 2373 3716 2428 actum

2274 2475 2573 2538 expresse
2600 2475 2675 2520 ac
2704 2457 3059 2519 formaliter
3104 2457 3328 2538 dirigat
3364 2458 3439 2519 ad
3474 2475 3581 2519 rem
3600 2461 3717 2522 intel-

2274 2551 2629 2628 lectualem,
2660 2557 2729 2614 ut
2756 2550 2840 2614 ad
2864 2551 3187 2631 obJectum
3218 2550 3399 2630 quod,
3420 2552 3515 2614 sed
3537 2554 3641 2615 satis
3656 2561 3716 2615 est

2284 2651 2353 2706 ut
2383 2645 2627 2707 ratione
2654 2644 2823 2707 illius
2854 2661 2989 2707 rem
3027 2643 3439 2706 irrationalem
3463 2653 3713 2707 reverenter

2278 2744 2524 2813 tractet,
2550 2738 2619 2800 in
2649 2755 2775 2817 quo
2803 2735 3159 2800 virtualiter
3186 2737 3490 2799 exhibetur
3510 2739 3579 2800 rei
3596 2739 3705 2802 intel·
3769 2799 3770 2810 ff

2276 2831 2529 2894 lectuali
2574 2831 2825 2895 debitus
2852 2831 3093 2906 cultus,
3126 2829 3399 2912 quamvis
3424 2830 3479 2892 in
3516 2847 3706 2910 expressa
3769 2849 3770 2894 1

2279 2931 2342 2988 et
2362 2923 2606 2988 formali
2626 2925 2973 2988 intentione
2992 2925 3117 2987 hoc
3136 2943 3261 2986 non
3281 2923 3562 2986 habeatur.
3582 2928 3708 3004 Atque

2276 3020 2443 3081 idem
2466 3021 2529 3081 in
2542 3019 2785 3098 justitia
2804 3019 3144 3099 reperitur,
3168 3035 3333 3092 nam,
3350 3017 3475 3079 licet
3489 3018 3707 3096 proprium

2279 3113 2417 3193 ejus
2456 3131 2687 3174 munus
2730 3112 2809 3174 sit
2835 3111 3109 3174 reddere
3132 3112 3238 3192 jus
3276 3127 3440 3172 suum
3465 3109 3608 3172 alicui
3626 3129 3710 3190 per·

2280 3223 2452 3271 sonae
2482 3205 2809 3281 rationali,
2844 3212 3059 3269 tamen
3089 3205 3311 3267 nonin
3347 3204 3497 3266 omni
3519 3211 3622 3265 actu
3641 3221 3709 3263 suo

2278 3299 2400 3362 hoc
2426 3300 2514 3361 ita
2539 3297 2884 3362 formaliter
2912 3305 2977 3361 et
3004 3315 3299 3379 expresse
3324 3295 3568 3373 intendit,
3590 3302 3710 3358 utre-

2282 3391 2507 3472 spiciat
2526 3393 2829 3454 illammet
2846 3409 3189 3473 personam
3206 3395 3479 3472 tanquam
3496 3389 3712 3467 objectum

2281 3485 2475 3566 quod,
2507 3504 2619 3548 seu
2650 3486 2811 3549 circa
2840 3485 3013 3565 quod
3044 3491 3352 3568 operatur,
3377 3482 3473 3546 sed
3495 3481 3711 3543 interdum

2283 3579 2633 3642 exercendo
2663 3585 2872 3642 actum
2900 3579 3071 3641 circa
3096 3597 3228 3642 rem
3272 3575 3635 3645 irrationalem,
3656 3571 3713 3634 vel
3769 3569 3770 3608 ἓ

2281 3672 2715 3746 inanimatam,
2760 3673 3006 3736 ratione
3034 3669 3349 3753 stipendii,
3370 3669 3455 3732 vel
3480 3667 3708 3738 mercedis
3769 3671 3770 3756 j

2280 3765 2631 3828 virtualiter
2658 3767 2863 3830 reddit
2897 3768 3004 3847 jus
3032 3783 3221 3827 suum
3256 3764 3510 3836 domino,
3538 3761 3711 3824 elidem

2284 3859 2614 3922 manifeste
2642 3859 2707 3920 in
2732 3859 3037 3940 injustitia
3064 3857 3379 3938 contingit,
3400 3854 3541 3936 quod
3560 3853 3713 3915 laeden-
3769 3853 3770 3864 ³

2286 3951 2367 4014 do
2408 3971 2544 4015 rem
2584 3952 2995 4015 inanimatam
3034 3951 3111 4014 fit
3155 3957 3360 4014 contra
3392 3950 3484 4030 jus
3520 3945 3714 4008 debitum

2284 4062 2570 4126 personas
2611 4045 2939 4123 rationali,
2972 4045 3257 4124 quamvis
3282 4045 3391 4106 hoc
3414 4041 3599 4104 directe
3632 4055 3713 4100 non

2285 4138 2667 4201 intendatur.
3769 4199 3770 4208 ,

2366 4235 2466 4299 45.
2515 4232 2754 4308 Quarta
2782 4233 2947 4297 ratio
2984 4233 3051 4298 in
3094 4231 3347 4314 ejusdm
3384 4231 3641 4293 assertores
3658 4239 3715 4285 rc-

2288 4327 2591 4390 tunditur.
2617 4357 2697 4378 —-
2740 4325 2919 4391 Unde
2951 4326 3034 4388 ad
3057 4331 3339 4407 quartam
3364 4322 3609 4385 rationem
3632 4333 3714 4378 res-

2286 4419 2621 4501 pondetur,
2644 4421 2852 4499 potius
2880 4419 3251 4482 confirmare
3278 4419 3519 4479 nostram
3542 4415 3711 4473 senten-

2288 4513 2459 4586 tiam,
2480 4529 2628 4573 nam
2648 4511 3053 4575 irreverentia
3068 4513 3230 4575 facta
3250 4505 3497 4588 imagini,
3514 4499 3709 4582 quamvis

2284 4606 2511 4668 virtute
2534 4611 2817 4668 transeat
2838 4605 2907 4667 in
2928 4604 3267 4686 exemplar,
3288 4612 3471 4665 tamen
3490 4613 3591 4659 non
3606 4609 3705 4655 sem·

2285 4716 2399 4780 per
2438 4698 2718 4778 procedit
2746 4716 2823 4760 ex
2849 4698 3099 4760 formali
3130 4715 3204 4761 ac
3228 4711 3487 4777 expressa
3508 4686 3705 4752 intentio·

2282 4809 2389 4867 ne,
2411 4809 2551 4871 quae
2572 4793 2837 4872 attingat
2854 4793 3057 4874 ipsum
3078 4789 3394 4870 exemplar,
3410 4793 3470 4848 ut
3486 4783 3704 4882 objectam

2291 4885 2485 4963 quod,
2510 4883 2924 4961 intendendo,
2957 4885 3207 4956 scilicet,
3232 4883 3312 4944 illi
3336 4877 3577 4960 injuriam
3599 4877 3643 4934 et
3658 4887 3708 4928 tr·

2290 4978 2707 5040 reverentiam
2756 4978 3010 5042 inferre.
3058 4975 3371 5060 Dupliciter
3414 4987 3535 5050 ergo
3570 4965 3705 5046 potes*

2290 5071 2513 5150 aliquis
2558 5070 2981 5135 irreverenter
3022 5078 3282 5135 tractare
3326 5051 3700 5160 imagincm‚f'⁸¹

2288 5181 2425 5225 rem
2471 5181 2752 5227 sacram:
2788 5182 2912 5227 uno
2942 5165 3129 5228 modo
3169 5181 3243 5226 ex
3278 5162 3537 5237 conceptu
3560 5153 3701 5230 ipsus·

2285 5265 2414 5319 met
2462 5275 2749 5338 personoe
2792 5264 3247 5339 repraesentatae
3268 5300 3289 5333 ,
3332 5253 3526 5316 directe
3560 5245 3697 5304 inten-

2284 5350 2491 5414 dendo
2512 5351 2679 5413 illius
2702 5353 3019 5434 injuriam,
3046 5360 3108 5416 et
3122 5349 3293 5433 quasi
3308 5349 3426 5410 vice
3442 5341 3570 5405 illius
3583 5333 3695 5434 illata
3769 5377 3770 5382 η

2282 5443 2449 5508 circa
2506 5445 2851 5525 imaginem
2906 5443 3247 5512 exercendo
3266 5489 3289 5521 ‚
3338 5431 3589 5522 quomodo
3624 5422 3693 5486 81¹·
