3892 6167
490 245 612 311 080

1869 247 2057 306 mm
2085 199 2317 309 mun.

487 345 640 402 Actio
656 346 838 400 vitatis
857 352 912 402 et
931 346 1237 405 immanens
1255 359 1356 404 cur
1383 345 1694 402 necessario
1715 350 1862 413 petat
1879 357 1999 400 esse
2020 358 2051 400 a
2133 350 2292 404 Actus
2316 347 2464 402 idem
2492 357 2723 401 numero
2740 347 2961 402 extendi
2984 359 3097 404 non
3114 355 3299 438 ροιοοι
3320 347 3397 406 ad
3420 347 3573 418 plura
3592 356 3663 412 ab·

552 423 792 490 potentia
820 424 978 489 vuius
1003 431 1084 477 est
1100 431 1266 480 actus=
1294 424 1346 479 d‘.
1380 429 1462 486 24,
1487 439 1530 476 s.
1552 429 1600 474 2.

491 501 654 552 Actus
680 499 836 552 liberi
874 508 928 552 et
955 501 1206 566 mysteria
1239 502 1426 566 gratiae
1451 513 1484 551 a
1514 499 1667 552 nullo
1703 497 1928 552 homine
1966 499 2052 551 vel

554 576 758 642 Angeto
779 577 1099 630 naturaliter
1116 577 1367 644 cognosci
1395 581 1638 643 possunt.
1665 575 1721 626 d.
1737 578 1818 630 27,
1841 588 1886 626 s.
1911 578 1959 626 1.

493 653 652 705 Actus
673 651 874 705 liberos
895 653 1182 706 existentes
1203 653 1446 707 Christus
1473 651 1726 718 cognovit
1749 663 1843 718 per
1874 649 2056 704 scien·

559 726 688 780 tiam
721 727 1032 791 insulsam}
1079 735 1174 782 ιε
1212 734 1261 781 2.

493 803 656 856 Actus
678 801 834 856 liberi
872 812 1180 870 praesentes,
1209 803 1486 870 quomodo
1513 800 1772 856 occultari
1791 800 1877 854 vel
1901 813 2057 856 reve-

499 928 504 934 ,
559 877 658 929 lari
695 879 919 945 possint.
949 881 1022 933 ib.

496 953 648 1007 Actio
681 956 990 1012 necessario
1029 949 1292 1025 supponit
1319 955 1376 1052 in
1406 967 1570 1008 causa
1605 954 1720 1008 vim
1755 952 1976 1020 agendi,
1996 953 2051 1004 d.

560 1033 640 1094 81,
669 1043 712 1084 s.
742 1037 788 1084 6.

495 1106 658 1158 Actus
683 1107 958 1162 secundus
984 1107 1343 1162 essentialiter
1359 1106 1620 1173 supponit
1637 1105 1896 1172 primum,
1918 1103 1995 1156 ib.

496 1182 662 1238 Actio.
691 1189 748 1234 ut
769 1183 928 1248 actio,
958 1184 1093 1237 dicit
1119 1181 1645 1236 transcendentalem
1679 1180 2061 1234 habitudinem

557 1256 628 1310 ad
661 1269 879 1312 causam
903 1266 1171 1326 agentem.
1211 1260 1285 1312 ib.

496 1331 738 1386 Actionis
766 1335 1032 1389 terminus
1073 1336 1376 1388 necessario
1418 1333 1582 1388 debet
1611 1331 1914 1400 praebaberi
1947 1330 2057 1384 ali·

557 1419 669 1472 quo
693 1409 855 1463 modo
879 1409 938 1463 in
963 1411 1255 1478 principio,
1285 1417 1395 1464 tam
1431 1407 1744 1476 principali,
1771 1419 1936 1474 quam
1967 1405 2059 1460 in·

556 1485 917 1548 strumentali,
940 1485 1014 1538 ib.

491 1560 654 1611 Actus
675 1561 1116 1626 supernaturales
1143 1560 1326 1628 quoad
1347 1558 1709 1614 substantiam
1737 1557 1957 1612 dantur.
1982 1556 2059 1610 ib.

493 1637 656 1688 Actus
683 1637 1140 1702 supernaturales,
1163 1638 1328 1690 etiam
1359 1635 1662 1690 secundum
1683 1632 1833 1700 quod
1867 1644 2063 1698 super-

561 1712 852 1776 naturales,
883 1713 1188 1780 procedunt
1210 1727 1242 1766 a
1276 1714 1477 1766 nostris
1496 1709 1770 1779 potentiis,
1801 1710 1874 1761 ib.

497 1788 657 1842 Actus
679 1801 776 1856 per
793 1790 930 1854 quid
961 1791 1258 1845 formaliter
1277 1790 1634 1846 constituatur
1655 1788 1714 1840 in
1739 1785 1951 1840 ratione
1974 1785 2063 1839 vi-

561 1863 688 1918 talis
707 1872 762 1918 et
781 1865 962 1930 liberi,
985 1868 1041 1920 ib

498 1939 666 1996 Actio,
691 1955 799 2007 qua
827 1943 998 2008 gratia
1017 1943 1077 1996 tlt
1099 1944 1282 1997 medio
1315 1943 1678 1996 instrumento
1701 1939 1960 1994 distincta
1980 1943 2063 1992 cst

561 2015 631 2069 ab
657 2016 887 2082 actione,
908 2031 1032 2087 quae
1051 2025 1132 2074 est
1145 2033 1178 2073 a
1195 2020 1304 2074 Deo
1319 2019 1526 2086 absque
1541 2017 1654 2072 ullo
1676 2016 2059 2076 instrumento.

565 2090 642 2147 ib.

497 2169 815 2236 Actio‚quae
841 2171 1376 2236 perinstrumentum
1413 2185 1448 2226 a
1487 2172 1598 2224 Deo
1637 2165 1962 2221 miraculose
1982 2166 2061 2229 tit,

561 2243 776 2298 diversa
803 2254 884 2300 est
907 2247 978 2302 ab
1007 2261 1070 2302 ea
1091 2261 1256 2315 quam
1280 2248 1428 2301 solus
1447 2249 1587 2300 neus
1608 2245 1754 2306 facit,
1787 2255 1900 2298 non
1937 2249 2072 2296 tan--

562 2325 676 2372 tum
709 2333 955 2378 numero.
985 2324 1082 2376 sed
1105 2324 1268 2378 etiam
1293 2322 1492 2390 specie,
1521 2322 1598 2374 ib.

498 2394 780 2448 Actionem
817 2399 1172 2465 speciticaria
1205 2397 1497 2467 principio,
1541 2399 1601 2452 iu
1641 2409 1755 2464 quo
1793 2407 1959 2449 sensu
1994 2393 2067 2446 sit

561 2483 770 2536 verum,
805 2473 878 2529 ib.

489 2545 752 2602 'Actiones
787 2557 844 2604 et
875 2550 1156 2617 passiones
1195 2550 1390 2604 Christi
1431 2562 1626 2604 omnes
1651 2549 1877 2603 fuerunt
1903 2545 2067 2600 nobis

561 2625 840 2752 salutares,
866 2633 922 2682 et
947 2634 1166 2696 propter
1187 2635 1434 2682 nostrum
1457 2627 1666 2681 bonum
1693 2624 1882 2691 aliquo
1902 2623 2066 2677 modo

587 2708 736 2762 actae,
772 2717 816 2755 s.
849 2709 894 2754 8.

561 2777 676 2832 Non
703 2785 783 2832 est
809 2785 990 2832 tamen
1023 2780 1342 2834 verisimile.
1385 2791 1578 2832 omnes
1615 2777 1735 2832 illas
1777 2789 1874 2843 per
1910 2788 1969 2828 se
2004 2787 2071 2828 ac

565 2855 784 2921 proprie
807 2855 1050 2909 effective
1072 2869 1398 2910 concurrere
1417 2857 1488 2910 ad
1511 2855 1922 2922 productionem
1939 2865 2069 2919 gra-

564 2931 654 2984 tiae
677 2943 801 2997 oure
827 2935 882 2984 in
907 2932 1069 2986 nobis
1093 2932 1170 2986 tit.
1199 2933 1273 2987 ib.

501 3005 653 3060 Actio
680 3006 874 3059 Christi
911 3008 997 3060 vel
1037 3009 1218 3074 passio
1255 3019 1378 3073 quae
1423 3006 1713 3074 proeteriit,
1743 3015 1854 3058 non
1895 3006 2071 3069 potest

565 3093 682 3136 esse
713 3083 1132 3138 instrumentum
1163 3083 1395 3137 actionis
1422 3079 1864 3150 supernaturalis,
1895 3079 1969 3132 ib.

501 3159 662 3210 Actus
681 3157 1054 3212 delectationis
1075 3172 1173 3212 seu
1203 3158 1497 3224 voluptatis
1513 3157 1792 3211 sensibilia
1829 3155 1886 3206 in
1905 3154 2065 3210 Chri-

563 3239 648 3286 sto
675 3231 798 3290 t'uit.
836 3233 909 3288 ib.

503 3311 663 3364 Actus
695 3309 892 3363 Christi
924 3314 986 3362 ut
1023 3309 1265 3374 viatoris,
1295 3321 1408 3376 quo
1439 3309 1604 3364 modo
1645 3307 1851 3362 suerint
1883 3305 2065 3374 liberi,

564 3384 602 3439 d
645 3389 727 3447 ⁸7,
761 3401 805 3440 s.
843 3391 888 3439 4.

500 3464 663 3515 Actus
689 3473 880 3516 omnes
903 3465 1098 3517 christi
1128 3463 1346 3518 neusin
1369 3461 1681 3531 particulari
1703 3458 2069 3527 praedefinivit

563 3537 810 3592 absoluta
839 3539 1136 3600 voluntate,
1162 3540 1230 3592 ib.

503 3616 663 3668 Actus
682 3629 810 3672 suos
835 3629 962 3672 cum
986 3618 1231 3672 Christus
1254 3615 1518 3670 videbata
1545 3614 1655 3666 Deo
1679 3611 2065 3679 praedetinitos,

569 3703 680 3744 non
713 3691 835 3745 ideo
868 3693 1088 3748 videbat
1119 3705 1176 3746 se
1215 3692 1388 3746 teneri
1431 3690 1502 3743 ad
1543 3688 1666 3744 illos
1703 3700 1770 3742 ex
1799 3694 2068 3755 praecepto

568 3766 866 3822 faciendos.
895 3769 967 3822 ib.

501 3843 664 3898 Actus
681 3855 794 3898 non
813 3845 1087 3911 praecepti,
1117 3843 1246 3898 licet
1267 3843 1378 3898 sint
1402 3857 1436 3896 a
1455 3843 1564 3897 Deo
1585 3837 1932 3908 proedetiniti,
1954 3850 2065 3892 non

569 3917 694 3972 ideo
725 3921 975 3973 suntsub
998 3920 1350 3986 obligatione.
1382 3920 1455 3974 ib.

501 3995 664 4048 Actus
693 3993 938 4050 efficaces
963 3996 1262 4052 voluntatis
1288 3996 1346 4049 in
1371 3995 1584 4051 christo
1609 3994 1835 4050 mel-unt
1852 3993 2067 4062 perfec-

565 4069 794 4130 tissime,
818 4071 870 4124 d.
903 4077 984 4127 ⁸⁸.
1019 4086 1062 4125 s.
1102 4077 1152 4125 2.

499 4145 664 4200 Actus
693 4145 996 4204 inefficaces
1022 4149 1078 4202 in
1109 4149 1322 4203 christo
1350 4148 1518 4204 fuisse
1541 4148 1961 4204 demonstratur.
1986 4145 2061 4200 ib.

502 4223 666 4276 Actus
691 4222 996 4278 inefficaces
1017 4223 1074 4278 in
1101 4225 1301 4280 christi
1321 4223 1597 4280 voluntate
1619 4223 1860 4288 suerunt,
1891 4229 1954 4277 ut
1972 4234 2072 4276 na-

567 4301 690 4352 tura
711 4307 810 4362 est,
848 4300 921 4352 ib.

441 4435 456 4448 ,
503 4369 656 4438 Quod
689 4374 826 4440 quid
853 4376 925 4429 sit
949 4376 1100 4429 varie
1129 4375 1448 4443 explicatur,
1471 4389 1516 4428 s.
1551 4380 1598 4428 8.

500 4449 664 4503 Actus
695 4451 952 4503 contrarii
990 4463 1100 4504 non
1126 4456 1353 4517 possunt
1371 4463 1488 4504 esse
1507 4449 1670 4503 simul
1693 4448 1750 4500 in
1785 4446 2001 4512 eodem,
2020 4446 2066 4498 si

562 4537 690 4581 vere
716 4525 974 4583 contrarii
995 4526 1126 4588 sint,
1162 4527 1236 4578 ib.

497 4605 658 4656 Actus
671 4601 913 4656 efficaces
934 4603 1228 4658 voluntatis
1245 4603 1442 4656 Christi
1463 4615 1678 4669 semper
1691 4601 1914 4656 suerunt
1932 4611 2064 4654 con·

562 4676 766 4732 formes
786 4679 1050 4734 voluntati
1074 4677 1298 4740 di'vinae,
1333 4679 1406 4731 ib.

495 4756 684 4807 Actum
714 4753 983 4808 efficacem
1025 4767 1134 4808 non
1165 4755 1503 4809 conformem
1539 4755 1745 4808 divinae
1771 4753 2057 4818 voluntati,

557 4828 794 4894 qualiter
817 4831 1062 4884 Christus
1094 4829 1294 4884 babere
1326 4831 1580 4897 potuerit,
1609 4844 1652 4884 s.
1679 4835 1728 4882 2.

492 4907 628 4958 Actu
649 4905 910 4959 inefficaci
926 4907 1180 4961 voluntas
1203 4907 1395 4960 Christi
1423 4907 1698 4962 interdum
1721 4905 1896 4961 voluit
1913 4907 2061 4971 otiod

553 4981 799 5034 absolute
835 4990 888 5034 et
928 4982 1252 5048 simpliciter
1283 4986 1420 5036 Deus
1451 4982 1702 5044 nolebam
1730 4993 1946 5048 semper
1978 4989 2057 5036 ta-

553 5067 682 5181 ἷιιθιι
713 5057 1026 5122 htijusmodl
1051 5064 1205 5114 actus
1235 5065 1352 5112 erat
1389 5057 1692 5112 conformis
1731 5058 1838 5111 div
1847 5071 1934 5111 nae
1960 5070 2059 5112 vo·

579 5132 774 5194 untati,
799 5146 843 5184 s.
869 5140 916 5185 5.

2191 427 2333 491 jecta
2354 438 2449 492 per
2466 425 2940 491 compositionem,
2968 432 3022 480 ct
3041 427 3313 527 unionem
3334 428 3665 498 realiumpas

2198 501 2332 554 tium
2358 501 2754 562 distinctarum,
2790 500 2863 556 ib.

2135 581 2298 631 Actus
2316 584 2525 630 creatus
2547 589 2656 629 non
2692 583 2865 642 potest
2892 576 3037 630 idem
3070 591 3135 630 ex
3134 578 3492 632 'necessitate
3518 586 3669 637 termi-

2202 653 2325 706 nari
2358 652 2429 706 ad
2455 655 2642 715 Deum,
2667 651 2839 706 libere
2858 664 2987 706 vero
3014 653 3087 706 ad
3114 653 3421 720 proximos.
3444 655 3517 708 ib.

2138 732 2301 784 Actus
2326 729 2545 793 Christi,
2568 734 2731 795 prout
2752 734 2908 782 erant
2932 728 3003 782 ab
3036 729 3184 784 illius
3216 731 3471 787 bumana
3506 732 3673 788 volua-

2199 814 2323 863 talc.
2356 819 2466 860 non
2502 805 2770 861 cadebant
2800 806 2903 859 sub
2936 806 3191 864 meritum
3212 806 3475 873 ejusdem
3495 809 3671 874 christi,

2199 885 2256 936 d.
2292 887 2371 940 40.
2406 896 2449 937 s.
2477 889 2527 936 2.

2136 962 2298 1013 Actus
2322 959 2399 1020 bi,
2426 963 2693 1024 quantum
2736 958 2805 1012 ad
2827 957 3068 1012 valorem
3092 959 3382 1014 inlinitum
3424 963 3673 1025 quernus-

2200 1035 2405 1088 bebant
2422 1047 2487 1088 ex
2518 1034 2907 1099 conjunctione
2926 1035 3265 1096 adverbum,
3304 1046 3426 1090 non
3448 1035 3675 1092 cadebant

2202 1111 2447 1178 proxime
2472 1111 2575 1164 sub
2598 1110 2793 1164 merito
2814 1109 3034 1171 Christi,
3060 1109 3137 1172 ib.

2139 1187 2199 1241 ln
2230 1193 2351 1240 actu
2380 1187 2623 1241 interiori
2658 1187 2775 1240 solo
2796 1186 3023 1252 reperiri
3062 1193 3241 1253 potest
3260 1185 3485 1240 malitia
3514 1187 3663 1244 adola-

2204 1261 2342 1316 tioni
2371 1263 2661 1324 contraria,
2680 1267 2734 1314 et
2749 1261 3001 1326 qualiter,
3035 1262 3089 1314 d.
3111 1267 3169 1314 st
3186 1303 3200 1328 ,
3218 1275 3265 1316 s.
3291 1265 3341 1313 8.

2198 1337 2335 1391 Vide
2366 1337 2556 1405 Opera,
2578 1337 2848 1405 Meritum,
2870 1335 3148 1392 Voluntas.

2838 1509 2997 1550 ΑΏΔΙ.

2140 1639 2270 1696 Adoe
2304 1643 2583 1706 peccatum
2626 1651 2728 1694 cur
2774 1638 3025 1706 pluribus
3066 1637 3513 1692 communicetur
3542 1651 3677 1705 quant

2204 1717 2379 1782 gratia
2396 1715 2615 1776 Christi,
2644 1715 2699 1770 d.
2722 1719 2767 1768 Ιι.
2794 1728 2837 1768 s.
2873 1720 2922 1767 Ιι.

2144 1791 2349 1846 Adamo
2380 1799 2655 1858 peccante,
2672 1789 2948 1857 quomodo
2968 1789 3085 1842 lieri
3108 1787 3293 1856 potuit
3318 1791 3383 1842 ut
3400 1798 3581 1844 omnes
3602 1789 3675 1844 bo-

2205 1867 2387 1922 mines
2406 1869 2461 1920 in
2482 1880 2549 1922 eo
2578 1866 2941 1934 peccaverint,
2960 1879 3004 1920 s.
3030 1869 3081 1918 ’1.
3458 1893 3465 1902 ·

2140 1944 2269 1998 Adae
2304 1950 2581 2011 peccatum
2617 1944 2895 1998 inlinitum
2920 1950 3001 1997 est
3042 1941 3264 1995 ratione
3296 1941 3611 1996 extensionis
3632 1949 3673 1996 et

2206 2020 2699 2088 multiplicationis,
2720 2020 2797 2074 ib.

2139 2098 2269 2152 Δάοι
2308 2097 2622 2164 mysterium
2665 2095 3061 2150 incarnationis
3106 2094 3411 2149 revelatum
3464 2099 3537 2148 est
3570 2103 3669 2149 ante

2205 2173 2436 2239 lapsum,
2465 2171 2560 2226 sed
2586 2183 2699 2226 non
2726 2171 2901 2237 ipsius
2919 2183 3099 2231 causa,
3122 2183 3168 2224 s.
3192 2174 3277 2223 n.

2142 2249 2311 2303 Adam
2336 2248 2441 2302 suit
2474 2249 2683 2315 primus
2705 2253 2852 2301 vates
2872 2247 2969 2313 qui
3002 2247 3073 2300 de
3099 2245 3321 2300 Christo
3352 2244 3663 2312 prophetavit,

2210 2325 2285 2378 ib.

2143 2402 2315 2456 Adam
2342 2405 2469 2454 ante
2496 2405 2777 2466 peccatum
2814 2412 2913 2466 per
2946 2399 3115 2452 finem
3144 2397 3529 2454 incarnationis
3566 2409 3664 2462 gra-

2210 2478 2341 2530 tiam
2373 2474 2629 2531 obtinuit.
2656 2475 2730 2528 ib.

2145 2553 2315 2606 Adam
2340 2551 2621 2618 quomodo
2652 2552 2971 2618 mysterium
2992 2551 3173 2606 crucis
3194 2547 3494 2615 agnoverit,
3512 2546 3573 2600 ib.

2146 2628 2317 2683 Adam
2339 2640 2451 2682 non
2476 2627 2859 2694 t'uitpraescius
2876 2628 2961 2680 sui
2986 2639 3159 2686 casus.
3196 2626 3281 2680 ib.

2144 2705 2317 2758 Adam
2351 2717 2463 2759 non
2484 2705 2743 2770 cognovit
2766 2703 2823 2756 in
2851 2703 3165 2770 particulari
3182 2700 3387 2757 omnia
3406 2701 3639 2766 anl’atm

2208 2781 2469 2848 exipsius
2499 2780 2681 2834 verbis
2698 2779 2982 2846 colligunt,
3008 2779 3081 2832 ib.

2148 2857 2276 2912 Adae
2295 2857 2487 2910 electio
2504 2857 2574 2910 ad
2606 2855 2837 2923 gloriam
2869 2854 3157 2910 antecessit
3176 2855 3239 2905 in
3264 2854 3375 2906 Deo
3400 2849 3649 2918 permissio—

2212 2945 2338 2984 nem
2368 2932 2570 3000 peccati
2595 2933 2735 2998 ejus,
2758 2932 2814 2984 d.
2836 2937 2885 2988 ὅ.
2906 2945 2934 2983 s
2970 2934 3021 2980 2.

2210 3009 2325 3062 lmo
2344 3015 2399 3062 et
2434 3008 2767 3062 voluntatem
2790 3005 2959 3060 dandi
2990 3005 3222 3072 gratiam
3262 3009 3319 3058 et
3352 3000 3583 3068 justitiam
3612 3000 3652 3052 in

2210 3097 2320 3149 qua
2343 3091 2554 3137 creatus
2580 3089 2679 3142 est,
2702 3082 2775 3133 ib.

2146 3160 2276 3214 Adae
2294 3165 2571 3226 peccatum
2594 3158 2699 3211 suit
2714 3156 2931 3211 occasio
2950 3154 3329 3224 passibilitatis
3342 3159 3395 3208 et
3410 3149 3657 3206 mortalita-

2210 3236 2282 3288 tis
2310 3237 2365 3288 in
2392 3247 2557 3288 carne
2582 3233 2804 3294 Christi,
2838 3247 2884 3286 s.
2920 3238 2969 3284 8.

2144 3311 2317 3365 Adam
2347 3311 2475 3364 licet
2492 3323 2603 3365 non
2638 3316 2928 3378 peccasset,
2960 3321 3031 3362 an
3056 3309 3199 3362 Deus
3222 3319 3441 3362 carnem
3460 3315 3657 3356 assume-

2211 3393 2309 3449 ret,
2334 3388 2411 3440 ib.

2146 3463 2317 3517 Adam
2358 3463 2404 3516 si
2446 3475 2557 3517 non
2586 3467 2727 3516 esset
2753 3467 3093 3530 peccaturus,
3130 3460 3187 3512 in
3214 3457 3421 3524 justitia
3448 3452 3655 3520 originali

2210 3547 2500 3602 crearetur,
2516 3545 2571 3594 et
2596 3545 2776 3592 essent
2800 3537 3185 3604 generationes
3206 3533 3505 3588 bominum.
3522 3530 3571 3582 ib

2146 3615 2315 3670 Adam
2346 3628 2459 3670 non
2488 3622 2761 3682 peccante,
2786 3616 2907 3679 ejus
2927 3613 3125 3680 posteri
3154 3623 3273 3666 non
3298 3615 3447 3663 eram
3464 3605 3653 3660 nabimri

2210 3704 2429 3744 carnem
2464 3690 2799 3758 passibilem,
2834 3703 2877 3742 s.
2915 3695 2963 3742 ὅ.

2146 3769 2275 3822 Adae
2310 3769 2507 3835 posteri
2557 3779 2779 3835 peccare
2825 3766 3131 3834 potuissent
3170 3763 3228 3816 in
3266 3766 3403 3816 statu
3434 3760 3655 3812 innoeen-

2212 3844 2320 3904 tiae,
2343 3857 2371 3896 s
2409 3849 2455 3896 6.

2148 3920 2273 3974 Adae
2306 3919 2477 3986 ipsam
2502 3917 2835 3982 singularem
2871 3921 3125 3972 naturam
3161 3927 3267 3970 cur
3292 3913 3513 3968 Verbum
3532 3922 3657 3964 assu·

2208 4009 2356 4049 merc
2386 4006 2497 4049 non
2518 3994 2788 4056 debuerit,
2812 3994 2864 4047 d.
2898 3999 2977 4054 ιε,
3002 4007 3045 4044 s.
3073 3996 3119 4045 t.

2143 4073 2314 4126 Adam
2350 4084 2449 4126 cur
2484 4083 2595 4126 non
2635 4070 2907 4126 dicendus
2928 4069 3001 4123 sit
3026 4069 3195 4122 bomo
3222 4065 3457 4122 coelestis
3486 4062 3657 4117 ratione

2206 4159 2319 4200 suae
2354 4145 2745 4214 productionis.
2772 4160 2816 4200 s.
2846 4150 2895 4198 4.

2146 4223 2275 4277 Adae
2298 4223 2493 4277 infusa
2520 4223 2745 4278 fuerunt
2762 4233 2954 4276 omnes
2974 4221 3205 4274 virtutes
3220 4218 3297 4274 ab
3320 4214 3521 4272 instanti
3536 4224 3653 4268 crea-

2211 4297 2395 4358 tionis,
2420 4299 2475 4351 d.
2504 4303 2583 4360 19,
2608 4311 2653 4351 s.
2680 4304 2728 4350 Ξ.

2147 4373 2293 4426 Inter
2320 4373 2447 4427 Adae
2492 4381 2773 4442 peccatum
2810 4377 2865 4427 et
2899 4371 3095 4426 christi
3120 4371 3353 4439 gratiam
3388 4371 3569 4435 quanta
3600 4365 3635 4418 si

2211 4447 2537 4507 differentia.
2558 4451 2612 4503 d.
2644 4455 2722 4512 ΞΩ,
2745 4463 2773 4502 s
2814 4453 2864 4500 ³.

2140 4523 2311 4577 Adam
2360 4524 2523 4577 etiam
2568 4524 2625 4576 in
2672 4531 2811 4579 statu
2854 4523 3185 4576 innocentiae
3238 4520 3345 4574 fuit
3396 4515 3649 4572 membrum

2204 4599 2418 4662 christi,
2438 4608 2599 4665 atque
2618 4599 2755 4653 adeo
2774 4600 3019 4652 Christus
3038 4599 3191 4651 illius
3208 4602 3389 4664 caput,
3408 4595 3459 4652 d.
3478 4599 3547 4652 ιθ,
3562 4605 3597 4644 s.
3610 4593 3645 4640 t.

2140 4675 2268 4729 Adae
2298 4675 2601 4728 intellectus
2631 4677 2772 4729 inter
2813 4677 3085 4730 humanos
3116 4673 3541 4740 perfectissimus,
3574 4679 3643 4719 ex·

2202 4758 2361 4819 cepto
2385 4752 2601 4806 christi.
2624 4753 2678 4805 d.
2714 4758 2793 4815 24,
2828 4766 2872 4806 s.
2898 4757 2947 4804 1.

2141 4829 2310 4882 Adam
2334 4829 2391 4881 in
2426 4835 2566 4882 statu
2607 4828 2938 4882 innocentiae
2976 4826 3270 4881 multarum
3314 4835 3482 4878 rerum
3501 4821 3637 4904 scien·

2205 4904 2333 4957 tiam
2361 4903 2567 4962 habuit.
2590 4917 2727 4970 quas
2750 4917 2851 4971 pro
2872 4909 3096 4958 costam
3114 4900 3347 4970 experiri
3370 4911 3474 4954 non
3492 4899 3635 4963 potuit,

2202 4983 2259 5036 d.
2284 4987 2363 5047 8⁰,
2389 4997 2416 5036 s
2462 4988 2493 5036 ἱ

2142 5057 2351 5112 Adamo
2376 5058 2572 5112 infusae
2594 5063 2725 5112 sunt
2754 5057 2965 5124 species
2982 5058 3053 5112 ad
3089 5056 3389 5119 scientiam,
3410 5059 3569 5106 elnon
3584 5045 3636 5100 ad

2204 5134 2615 5200 experientiam,
2646 5134 2721 5186 ib.

489 5203 638 5262 Inter
658 5213 808 5261 actus
827 5207 1124 5262 voluntatis
1145 5207 1342 5262 Christi
1375 5208 1653 5275 quomodo
1697 5207 1850 5262 nulla
1893 5208 2057 5263 fuerit
2135 5209 2307 5263 Adam
2328 5210 2529 5264 meruit
2546 5209 2651 5262 sibi
2676 5215 2731 5262 et
2746 5208 2863 5262 suis
2894 5207 3125 5274 posteris
3148 5205 3333 5260 odium
3363 5210 3415 5256 et
3438 5194 3633 5254 inimici·

556 5285 934 5348 repugnantia,
964 5285 1038 5340 ib.

2200 5285 2351 5346 tiam,
2374 5285 2427 5339 d.
2454 5291 2531 5338 39.
2557 5300 2599 5338 s.
2626 5291 2671 5336 t.

489 5357 670 5414 Actus
685 5365 902 5416 creatus
935 5358 1082 5418 iiber
1127 5357 1315 5416 nullas
1349 5365 1434 5414 est
1473 5358 1850 5426 immutabilis,
1881 5361 1938 5415 d.
1970 5367 2052 5427 ιο,
2135 5361 2267 5417 Adae
2302 5362 2361 5416 in
2394 5368 2535 5416 statu
2559 5359 2891 5416 innocentiae
2912 5357 3207 5414 exmeritis
3230 5353 3413 5412 christi
3428 5345 3628 5420 previ&

553 5434 682 5486 ⁸02.

2198 5419 2327 5491 data
2351 5444 2430 5491 est
2450 5437 2622 5504 gratia
2650 5435 2951 5504 etjustltla,
2983 5434 3039 5488 d.
3064 5438 3147 5499 n,
3172 5445 3213 5488 s.
3244 5437 3289 5484 2.
