3892 6167
572 373 806 438 Tertul.
834 416 858 449 ,
905 371 972 434 in
997 369 1353 452 Scorpiaco.
1402 373 1474 434 ln
1507 371 1630 434 hoc
1663 370 1887 433 eodem
1924 387 2135 432 errore

574 473 860 532 versatus
887 470 983 528 est
1011 469 1232 546 postea
1267 465 1585 528 Constant.
1612 465 1691 526 lv
1711 507 1730 538 ,
1764 481 1880 526 seu
1905 463 2139 542 Copro-

574 577 806 641 nymus
831 603 848 633 ,
893 564 964 622 ut
991 575 1072 620 ex
1097 557 1270 622 Suid.
1304 558 1498 621 refert
1525 558 1790 620 Prateol.
1829 579 1849 633 3
1881 562 1945 620 et
1984 573 2133 636 pos·-

573 654 678 716 tea
699 653 928 724 Joann.
955 651 1168 725 wint..
1199 656 1270 714 ut
1304 649 1498 714 refert
1529 649 1880 723 Waldens„
1915 654 2066 712 tom.
2098 650 2136 710 3

575 744 656 808 de
701 743 1242 820 Sacramentatib.,
1295 762 1350 806 c.
1385 746 1546 822 1743
1583 759 1658 804 ac
1703 741 1979 822 denique
2010 741 2136 804 Lu·

573 838 764 914 ther„
809 837 1078 912 Calvia„
1121 837 1393 920 Zuingl„
1435 836 1634 920 etalii
1660 835 1807 900 novi
1833 833 2136 908 haeretici,

575 939 644 996 ut
667 931 860 997 refert
886 930 1150 994 Lindan.
1169 975 1185 1006 ,
1215 929 1448 1012 dialog.
1476 933 1559 1007 23
1601 930 1864 1004 Hosius,
1894 928 1963 989 in
1990 945 2141 991 con-

573 1027 722 1099 fes„
761 1043 820 1088 c.
851 1025 931 1090 58
957 1046 977 1100 3
1024 1023 1206 1088 Alau.
1227 1067 1244 1099 ,
1277 1023 1424 1086 dial.
1455 1025 1534 1100 3,
1578 1041 1634 1086 c.
1665 1024 1744 1086 12
1773 1027 1836 1084 et
1857 1038 2137 1100 sequen-

576 1117 770 1183 tibus.

653 1214 715 1274 2.
759 1209 1060 1294 Reliqui&
1089 1209 1464 1276 Sanctorum
1487 1209 1790 1274 veneratio
1819 1208 2037 1272 debita.
2054 1238 2137 1256 -·

572 1305 925 1370 Dicendum
954 1322 1106 1368 vero
1143 1309 1238 1367 est
1271 1304 1572 1385 reliquias
1599 1303 1975 1366 Sanctorum
2004 1319 2139 1366 me-

572 1399 692 1463 rito
719 1417 760 1460 a
787 1397 1076 1461 fidelibus
1101 1398 1484 1474 conservari,
1513 1403 1576 1461 et
1603 1415 1748 1460 cum
1777 1413 2011 1476 magna
2037 1412 2140 1457 re-

572 1493 855 1556 verentia
883 1501 946 1554 et
974 1492 1384 1554 veneratione
1411 1491 1684 1554 tractari.
1729 1491 1878 1552 Haec
1906 1488 2138 1552 veritas

573 1600 704 1647 non
731 1583 935 1646 solum
973 1584 1053 1646 de
1082 1583 1210 1646 fide
1238 1590 1411 1647 certa
1438 1589 1570 1660 est,
1611 1582 1724 1646 sed
1752 1581 1942 1644 etiam
1970 1580 2142 1644 vide-

573 1683 676 1740 tur
697 1675 938 1739 lumine
959 1677 1232 1740 naturali
1259 1677 1540 1752 evidens,
1573 1676 1918 1756 supposita,
1946 1692 2137 1755 quam

573 1769 654 1834 de
683 1769 924 1834 Sanctis
951 1770 1284 1845 habemus,
1317 1769 1799 1846 existimatione,
1847 1773 1912 1830 et
1937 1767 2139 1848 primo

574 1865 885 1928 indicatur
910 1865 976 1928 in
1001 1867 1221 1945 Script.
1257 1883 1456 1939 sacra3
1479 1865 1706 1928 Genes.
1757 1864 1930 1926 enim
1956 1867 2061 1941 50,
2080 1871 2145 1928 et

573 1959 768 2022 Exod.
805 1961 912 2033 13,
954 1959 1224 2038 legimus
1249 1977 1393 2022 ossa
1418 1959 1612 2022 Jacob
1639 1965 1704 2022 et
1727 1958 1964 2041 Joseph
1992 1977 2138 2024 cum

573 2071 806 2132 magno
844 2051 1084 2116 honore
1121 2071 1263 2116 esse
1303 2057 1676 2116 conservata
1710 2059 1774 2115 et
1801 2054 2138 2134 sepulturae

571 2146 820 2208 tradita.
869 2147 945 2208 Et
977 2146 1228 2208 Denter.
1261 2146 1375 2210 ult.
1407 2145 1754 2209 creduntur
1781 2147 2007 2227 Angeli
2038 2163 2137 2210 se·

571 2239 862 2320 pelivisse
886 2256 1117 2320 corpus
1141 2239 1372 2320 Moysis
1391 2284 1413 2316 ,
1455 2245 1526 2302 ut
1554 2256 1630 2302 ex
1659 2239 1920 2319 antiqua
1947 2238 2138 2304 tradi-

570 2331 744 2394 tione
767 2331 1024 2412 exponit
1049 2333 1304 2414 Epiph.,
1333 2331 1490 2396 haer.
1517 2334 1579 2407 9,
1615 2331 2043 2408 circa‚finem;
2072 2339 2138 2395 et

570 2424 708 2489 Act.
741 2427 785 2488 8
798 2472 821 2503 ,
857 2432 1239 2488 curaverunt
1275 2424 1668 2506 Stephanum
1694 2426 1813 2488 viri
1841 2425 2135 2504 timorati,

574 2525 638 2582 et
659 2519 948 2584 fecerunt
969 2520 1294 2600 planctum
1319 2537 1624 2602 magnum
1639 2537 1840 2599 -super
1867 2538 2041 2584 eum.

640 2615 703 2678 3.
733 2613 1046 2682 γενναία
1055 2613 1356 2679 Boclm‘oe
1364 2615 1658 2678 Romam
1669 2611 1833 2679 eirca
1847 2613 2143 2696 reliquias

575 2705 968 2772 Sanctorum.
1005 2741 1084 2754 —
1122 2706 1420 2771 Ecclesia·
1460 2705 2145 2788 constantinopolitana

572 2818 719 2883 crya
737 2801 1034 2884 reliquias
1060 2801 1310 2866 devotio.
1333 2833 1414 2846 -
1435 2799 1828 2865 Antiocheno.»
1845 2799 2145 2866 Book-rice

573 2893 804 2958 devocio
829 2910 980 2975 orffa
1007 2893 1380 2958 Sanctorum
1403 2893 1722 2974 reliquiae.
1743 2923 1828 2942 -·-
1849 2891 2139 2958 Secundo

574 2985 696 3050 hoc
719 2986 994 3050 maxime
1021 2985 1325 3067 probatur
1354 3005 1430 3048 ex
1455 2985 1826 3048 universalis
1850 2987 2143 3052 Ecclesiae

575 3079 907 3144 traditione
946 3086 1010 3142 et
1038 3097 1378 3156 consensu,
1410 3097 1600 3159 quem
1629 3080 1718 3142 sic
1748 3080 2135 3146 demonstro.

573 3171 734 3238 Nam
761 3172 1068 3254 imprimis
1087 3173 1168 3236 de
1197 3193 1318 3236 usu
1331 3174 1624 3238 Ecclesise
1651 3175 1949 3238 Romanae
1978 3175 2143 3239 anti-

574 3266 876 3347 quissimo
909 3273 1154 3331 constat
1179 3285 1260 3330 ex
1280 3267 1528 3331 Cornel.
1561 3269 1753 3348 Papa,
1795 3287 1896 3350 ep.
1940 3272 2004 3344 1,
2033 3268 2143 3332 ubi

572 3365 801 3424 tractat
849 3359 930 3424 de
982 3359 1388 3424 translatione
1436 3377 1773 3440 corporum
1855 3362 2023 3424 Petri
2082 3367 2145 3424 et

575 3453 750 3518 Pauli
781 3500 798 3529 ,
847 3471 964 3516 suo
998 3459 1282 3534 tempore
1315 3452 1481 3516 facta
1517 3471 1556 3514 a
1587 3453 1983 3520 catacumbis
2000 3497 2022 3532 ,
2062 3454 2145 3518 ad

571 3547 712 3612 loca
735 3548 804 3612 in
831 3547 1060 3628 quihus
1090 3547 1392 3627 martyria
1421 3553 1568 3610 sunt
1589 3548 1793 3627 passi;
1825 3554 1890 3612 et
1915 3549 2130 3630 Greg.,

571 3639 617 3702 l.
647 3643 710 3715 3,
735 3659 836 3720 ep.
867 3641 946 3704 30
971 3638 1137 3721 (quae
1159 3658 1273 3719 pro
1297 3640 1702 3704 veneratione
1725 3639 2135 3721 reliquiarum

571 3737 808 3796 attente
837 3732 1111 3814 legenda
1137 3735 1278 3814 est),
1315 3733 1685 3796 earumdem
1725 3733 2137 3814 reliquiarum

571 3825 736 3889 Petri
777 3832 842 3890 et
879 3825 1058 3888 Pauli
1099 3826 1427 3903 meminit,
1471 3832 1536 3889 et
1574 3828 1892 3907 quomodo
1935 3827 2018 3888 ab
2058 3845 2134 3889 eo

569 3923 856 3999 tempore
879 3937 1008 4001 quo
1039 3919 1206 3999 passi
1236 3926 1402 3996 sunt,
1435 3937 1668 4002 magna
1697 3939 1843 3984 cum
1871 3938 2139 3984 venera-

568 4011 743 4076 tione
778 4018 1039 4076 servatoe
1071 4013 1348 4090 fuerint3
1389 4014 1522 4077 etl.
1554 4016 1618 4090 ὅ,
1649 4033 1752 4097 ep.
1793 4017 1874 4078 50
1891 4060 1914 4092 ,
1947 4015 2138 4078 mittit

569 4109 816 4186 partem
860 4106 1088 4168 harum
1127 4105 1538 4187 reliquiarum
1580 4107 1816 4187 regium
1864 4109 2138 4172 Franco-

571 4215 748 4276 rum,
790 4216 1060 4261 monens
1103 4205 1175 4263 ut
1221 4198 1432 4262 debito
1479 4199 1720 4262 honore
1762 4207 2131 4265 tractentur.

571 4292 996 4373 Hieronymus
1043 4293 1234 4356 etiam
1279 4295 1498 4356 contra
1540 4293 1845 4375 vigilant.
1877 4339 1894 4368 ,
1943 4293 2139 4358 refert

570 4403 852 4448 summos
873 4385 1202 4450 Pontifices
1223 4385 1440 4448 solitos
1465 4405 1605 4450 esse
1627 4405 1820 4468 super
1836 4387 2139 4468 reliquias

571 4480 679 4544 SS.
717 4479 1156 4558 Apostolorum
1195 4481 1322 4542 Deo
1353 4478 1728 4542 sacrificium
1758 4479 2027 4557 offerre3
2074 4487 2139 4544 et

571 4589 787 4636 coram
813 4571 908 4634 eis
945 4589 1196 4653 semper
1229 4573 1424 4636 fuisse
1457 4573 1793 4636 luminaria
1821 4591 2087 4636 accensa
2117 4617 2133 4648 ,

571 4674 818 4732 constat
857 4685 934 4730 ex
971 4665 1159 4747 Greg.
1182 4713 1205 4744 ,
1247 4669 1288 4732 3
1321 4666 1552 4748 dialog.
1572 4710 1594 4742 ,
1633 4687 1690 4730 c.
1739 4670 1820 4730 24
1844 4685 1861 4742 ς
1885 4667 2132 4749 Chrys..

572 4761 746 4822 hom.
775 4762 851 4824 32
873 4760 955 4824 ad
973 4763 1182 4836 Rom„
1205 4759 1368 4822 circa
1389 4757 1606 4835 finem,
1629 4759 1946 4822 civitatem
1962 4760 2135 4822 illam

571 4853 956 4933 magnificat,
985 4852 1158 4933 quod
1187 4852 1252 4914 in
1277 4870 1356 4914 ea
1385 4851 1665 4931 reliquiae
1691 4851 2135 4932 Apostolorum

569 4943 840 5008 conditae
883 4951 1030 5008 sunt
1043 4985 1064 5021 ,
1111 4953 1175 5008 et
1221 4945 1470 5025 corpori
1521 4945 1699 5007 Pauli
1735 4944 2137 5008 circumvolvi

573 5046 852 5122 exoptat.
882 5039 1194 5116 Secunde,
1221 5039 1303 5104 de
1321 5039 1602 5104 Ecclesia
1627 5040 2139 5122 Constantinopo-

572 5131 790 5198 litana.
838 5131 934 5196 Ad
963 5151 1104 5196 eam
1141 5134 1336 5196 etiam
1369 5133 1684 5196 translatez
1715 5138 1862 5196 sunt
1887 5151 2139 5209 summo

574 5245 719 5291 cnm
766 5229 1004 5290 honore
1045 5227 1326 5307 reliquiae
1365 5227 1475 5291 SS.
1525 5226 1814 5304 Andreae,
1855 5227 2037 5292 Lucae
2078 5232 2145 5290 et

573 5320 924 5396 Timothei,
965 5327 1248 5401 tempore
1276 5320 1660 5384 Constantini
1689 5320 1940 5402 Magni,
1980 5326 2140 5386 teste

579 5415 964 5496 Hieronymo
991 5420 1210 5478 contra
1237 5414 1562 5494 Vigilant.;
1607 5419 1826 5494 postea
1860 5415 2141 5494 reliquiae

1789 269 2025 336 QUAEST.
2060 267 2213 322 XXV.
2248 267 2449 322 Aurio.
2486 267 2569 322 vt.

2218 369 2283 430 S.
2314 367 2486 432 Pauli
2514 365 2808 448 Episcopi
2830 369 2893 430 et
2919 365 3221 445 martyris
3247 369 3493 449 tempore
3530 378 3663 448 Theo.

2218 461 2379 526 dosii
2404 461 2699 537 senioris,
2742 465 2815 520 ut
2838 458 3109 522 refertur
3129 459 3171 522 l.
3200 464 3239 524 9
3263 462 3519 544 Τι’ἰρειτι.,
3536 489 3578 533 c.
3600 481 3661 541 ῃ,

2216 558 2292 620 Et
2330 571 2559 636 corpus
2596 556 2659 618 S.
2700 553 2957 616 Joannis
2993 553 3437 634 chrysostomi,
3468 567 3665 646 tempore

2216 647 2554 714 Theodosii
2598 647 2875 712 Junioris
2900 689 2919 720 ,
2972 646 3021 708 1.
3071 647 3150 708 10
3189 647 3467 728 Tripart.,
3508 675 3551 717 c.
3587 665 3665 738 263

2216 743 2589 806 Theodorei.
2610 784 2632 816 ,
2676 740 2721 803 l.
2754 741 2794 802 5
2826 737 2983 804 Hist.
3001 782 3023 814 ‚
3052 757 3113 802 c.
3144 740 3225 815 33
3265 740 3523 822 Niceph.,
3545 749 3578 811 l.
3604 757 3667 832 14,

2220 855 2275 900 c.
2306 839 2423 910 433
2464 835 2655 897 refert
2680 834 2869 896 etiam
2906 831 3081 895 idem
3116 831 3356 914 Chrys„
3383 836 3524 901 hom.
3548 845 3671 908 titiad

2221 929 2437 1011 Popul.
2448 973 2469 1004 ‚
2482 927 2961 992 Constantinum
2976 926 3273 1006 Magnum
3292 932 3481 1010 magni
3493 933 3671 1004 honoris

2217 1026 2439 1106 gratia,
2463 1024 2641 1104 juxta
2668 1022 2837 1085 fores
2860 1020 3080 1100 templi
3106 1019 3173 1081 in
3197 1038 3317 1098 quo
3336 1022 3673 1102 Apostolorum

2215 1118 2502 1198 reliquiae
2522 1115 2965 1190 servabantur,
2990 1131 3030 1176 a
3048 1113 3195 1174 filiis
3214 1115 3341 1174 suis
3356 1115 3517 1182 fuisse
3530 1127 3672 1203 sepul.

2214 1221 2371 1280 tum.
2418 1213 2494 1276 Et
2536 1209 2775 1272 ibidem
2815 1208 3043 1289 inquit,
3070 1206 3360 1286 reliquias
3398 1213 3672 1282 Sanctorum

2216 1325 2345 1370 non
2374 1306 2578 1368 solum
2611 1304 2823 1366 Romae
2844 1347 2863 1377 ,
2898 1301 3017 1364 sed
3034 1301 3225 1364 etiam
3241 1300 3670 1391 Constantinopoli

2218 1417 2451 1480 magna
2500 1397 2620 1460 coli
2664 1397 2922 1477 pietate.
2970 1394 3183 1456 Tertio
3211 1438 3230 1468 ‚
3266 1392 3341 1458 de
3378 1398 3671 1466 Antiochena

2218 1493 2519 1568 Ecclesia,
2542 1507 2773 1571 corpus
2802 1489 2865 1551 S.
2892 1487 3149 1569 Ignatii,
3178 1487 3242 1548 iu
3268 1505 3475 1568 magua
3492 1510 3674 1558 venem.

2218 1587 2389 1650 tione
2410 1585 2495 1648 ihi
2512 1584 2798 1647 habitum
2818 1599 2962 1644 esse
2982 1581 3177 1644 refert
3195 1581 3399 1661 Evag„
3420 1589 3461 1646 t.
3486 1588 3534 1660 1,
3555 1605 3597 1650 c.
3610 1594 3671 1652 16.

2218 1681 2395 1745 ldem
2422 1681 2503 1742 de
2532 1680 2595 1742 S.
2616 1677 2891 1753 Meletio,
2926 1677 3330 1748 sozomenus,
3358 1675 3401 1736 l.
3430 1679 3513 1754 10,
3536 1697 3580 1743 c.
3599 1685 3673 1756 ⁴2;

2224 1774 2385 1838 etde
2406 1776 2468 1837 S.
2496 1771 2738 1848 Babila,
2762 1770 3077 1843 RufflnuS,
3106 1767 3151 1830 l.
3180 1771 3239 1840 1,
3266 1787 3315 1830 c.
3338 1769 3427 1845 35,
3445 1771 3535 1832 uhi
3550 1775 3677 1838 refert

2223 1870 2541 1932 daemones
2564 1865 2647 1928 ad
2666 1865 2804 1944 ejus
2823 1861 3225 1944 praesentiam
3242 1861 3589 1940 obmutuisse,
3608 1887 3679 1931 ne.

2218 1981 2344 2044 que
2372 1963 2439 2024 in
2466 1961 2651 2026 idolis
2683 1959 2815 2020 suis
2841 1955 3121 2037 amplius
3148 1973 3429 2036 respousa
3450 1958 3677 2040 dedisse;
3758 2001 3760 2014 ⁴

2218 2057 2377 2120 etin
2404 2056 2595 2136 hujus
2624 2051 2834 2118 Sancti
2868 2051 3183 2114 honorem
3212 2049 3491 2132 integrum
3517 2052 3679 2117 librum

2216 2151 2699 2231 chrysostomus
2724 2144 3107 2226 composuit.
3140 2143 3381 2220 Quarto,
3407 2145 3463 2206 in
3484 2146 3679 2210 Alexan·

2214 2244 2397 2308 drina
2446 2241 2742 2319 Ecclesia,
2770 2245 2965 2321 caput
3006 2237 3267 2304 Ioannis
3302 2237 3547 2318 Baptista
3582 2259 3677 2304 cum
3760 2263 3762 2320 g

2216 2356 2465 2403 summo
2486 2337 2729 2400 honore
2752 2331 3423 2410 servavitAthanasius,
3438 2335 3671 2398 ntRuffin.
3760 2331 3762 2336 ’

2216 2435 2433 2506 refert,
2462 2432 2509 2494 l.
2534 2433 2601 2504 2,
2629 2449 2686 2493 c.
2722 2431 2823 2492 28.
2857 2430 2931 2491 In
2984 2418 3533 2505 Hierosolymita'na,
3556 2429 3677 2490 sedes

2218 2547 2335 2592 seu
2368 2525 2669 2590 cathedra
2708 2525 2773 2586 S.
2804 2521 3033 2586 Jacobi
3062 2519 3391 2582 honorifice
3414 2529 3675 2583 conservata
3762 2541 3764 2576 J

2224 2628 2343 2700 est,
2386 2625 2548 2684 teste
2594 2615 2855 2694 Euseh„
2894 2615 2943 2678 l.
2989 2617 3054 2691 7,
3100 2632 3156 2676 c.
3190 2616 3303 2689 153
3344 2613 3560 2692 Niceph.
3588 2615 3675 2688 ΜΞ,

2222 2734 2361 2796 cap.
2396 2717 2495 2778 16.
2522 2714 2593 2775 In
2626 2707 3004 2791 Smyrnensi
3029 2754 3046 2783 ,
3084 2725 3311 2788 corpus
3335 2707 3395 2770 S.
3423 2706 3663 2786 Polycarpi,

2222 2817 2479 2874 auctore
2500 2805 2724 2870 eodem
2746 2801 3011 2877 Euseb.,
3036 2801 3081 2863 l.
3108 2805 3173 2878 4,
3194 2819 3251 2864 c.
3280 2804 3373 2878 153
3401 2806 3457 2862 et
3475 2799 3667 2880 Niceph„
3765 2823 3766 2828 ¹

2222 2907 2267 2969 l.
2298 2907 2339 2970 3
2358 2949 2377 2979 ,
2416 2921 2475 2965 c.
2502 2904 2605 2964 35.
2640 2901 2709 2962 In
2742 2896 3075 2978 Hispania,
3117 2895 3383 2974 reliquiae
3420 2895 3476 2958 S.
3512 2895 3671 2968 lambi,

2222 2995 2527 3080 singulari
2574 2994 2687 3056 Dei
2740 2990 3141 3072 providentia
3188 2988 3437 3054 conditae
3478 2993 3603 3060 sunt,
3638 2995 3677 3048 et
3767 3058 3768 3076 ἒ

2220 3111 2353 3157 nou
2382 3089 2589 3154 solum
2612 3087 2697 3150 ab
2720 3083 2941 3148 incolis
2962 3127 2983 3156 ,
3016 3081 3131 3145 sed
3158 3081 3240 3144 ab
3266 3081 3529 3144 universis
3548 3079 3676 3142 fideli·
3767 3077 3768 3084 ’

2220 3188 2343 3252 bus
2362 3181 2683 3263 religionis
2700 3195 2892 3242 causa
2914 3195 2999 3240 eo
3020 3175 3399 3240 venientibus
3408 3175 3675 3248 adorantur,

2222 3286 2294 3343 ut
2323 3297 2401 3342 ex
2428 3272 2865 3354 antiquissima
2898 3275 2965 3333 et
2996 3269 3411 3350 vulgatissima
3438 3266 3677 3330 traditione

2223 3369 2571 3438 constat.Et
2606 3365 2790 3428 simili
2814 3362 3231 3426 veneratione
3256 3377 3489 3441 corpora
3513 3361 3561 3421 S.
3584 3361 3677 3420 Dio-

2222 3464 2413 3548 nysii,
2448 3459 2721 3532 Martini,
2754 3456 2994 3544 Hilarii,
3026 3461 3097 3520 et
3121 3456 3239 3518 alia
3266 3471 3416 3535 pene
3436 3454 3679 3516 innumera

2214 3557 2539 3626 Gallicana
2578 3551 2859 3616 Ecclesia
2896 3567 3156 3630 semper
3197 3553 3463 3612 venerata
3496 3552 3585 3608 est.
3620 3546 3678 3604 De

2212 3645 2667 3720 Mediolanensi
2708 3644 2835 3725 legi
2874 3647 3092 3723 potest
3157 3641 3509 3712 Ambrosius,
3544 3637 3669 3717 epist.

2214 3745 2331 3809 ult.
2362 3742 2441 3806 ad
2468 3743 2787 3813 Sororem,
2814 3744 2879 3800 et
2900 3754 3099 3799 serm.
3130 3738 3205 3800 91
3238 3741 3301 3798 et
3320 3739 3413 3810 92,
3432 3733 3523 3794 ubi
3540 3731 3599 3794 de
3614 3731 3677 3790 in·

2214 3836 2511 3901 ventione
2544 3833 2915 3894 Sanctorum
2942 3828 3228 3894 Gervasii
3256 3835 3316 3890 et
3344 3824 3577 3900 Protesii,
3600 3823 3679 3882 Na·

2214 3929 2363 3992 zarii
2408 3935 2471 3989 et
2496 3924 2681 4000 Celsi,
2710 3923 3045 3987 historiam
3073 3921 3284 3984 refert.
3310 3921 3381 3981 Et
3396 3917 3499 3980 alia
3522 3914 3679 3978 similia

2218 4023 2504 4102 congerit
2530 4019 2955 4098 Hieronymus
2988 4022 3213 4080 contra
3238 4012 3500 4095 vigilant.

2300 4119 2366 4180 4.
2398 4112 2607 4176 Tertio
2634 4111 2970 4174 confirmat
3002 4108 3171 4172 hanc
3202 4105 3552 4170 traditionem
3566 4119 3681 4163 com-

2215 4209 2427 4272 munis
2461 4206 2714 4270 Patr-um
2746 4220 3123 4276 consensus,
3160 4201 3264 4282 qui
3292 4199 3487 4282 partim
3508 4214 3567 4260 ex
3588 4193 3677 4255 dic·

2216 4303 2297 4366 tis
2323 4301 2449 4374 hic,
2479 4297 2710 4379 partim
2732 4315 2811 4359 ex
2840 4295 2915 4358 iis
2942 4313 3115 4376 quae,
3144 4299 3264 4356 art.
3281 4298 3339 4370 1,
3364 4310 3463 4374 pro
3486 4305 3677 4352 venera·

2217 4395 2387 4457 tione
2408 4391 2651 4456 Sanctis
2678 4389 2891 4454 debita
2919 4388 3317 4464 adduximus,
3346 4385 3477 4448 satis
3500 4387 3679 4446 cousta-

2215 4505 2287 4550 re
2324 4491 2557 4568 posset.
2590 4483 2715 4547 Sed
2766 4489 3073 4564 praterea
3122 4482 3395 4545 Clemens
3417 4483 3673 4542 Romanus,

2216 4580 2327 4644 lib.
2363 4580 2404 4641 6
2435 4579 2729 4654 constit„
2746 4597 2803 4640 c.
2836 4580 2950 4640 30:
2970 4575 3235 4652 Boram,
3266 4567 3467 4656 inquit,
3490 4571 3575 4654 qui
3592 4569 3675 4634 Deo

2216 4672 2451 4745 vivum,
2476 4690 2583 4736 mc
2606 4671 2887 4752 reliquiae
2912 4671 3041 4736 aino
3094 4671 3306 4734 honore
3340 4669 3559 4732 παπαί.
3577 4663 3675 4723 Jus-

2216 4765 2329 4826 tin.
2378 4766 2637 4845 Martyr,
2670 4771 2894 4844 quaest.
2947 4763 3028 4826 28
3064 4781 3105 4823 a
3148 4761 3478 4824 Christianis
3505 4771 3669 4836 propo·

2218 4858 2361 4934 sita,
2396 4875 2659 4938 corpora
2686 4863 2749 4920 et
2792 4855 3081 4938 sepulcra
3104 4857 3423 4936 Martyrum
3452 4852 3571 4912 dicit
3588 4849 3669 4906 vir·

2216 4956 2417 5012 tutem
2440 4949 2701 5022 habere,
2718 4957 2782 5012 et
2803 4950 3102 5013 adversos
3128 4949 3441 5022 daemones,
3460 4939 3587 5006 etad
3604 4956 3669 5001 sa·

2216 5043 2464 5106 nandos
2490 5042 2747 5107 morbos
2769 5042 2879 5124 qui
2903 5049 3041 5106 arte
3068 5041 3381 5122 medicinae
3394 5037 3566 5102 curari
3584 5049 3668 5093 non

2222 5144 2507 5218 possunt.
2560 5139 2961 5214 Nazianzen.,
2993 5142 3152 5198 orat.
3182 5136 3245 5210 3,
3274 5151 3400 5216 quae
3424 5138 3504 5196 est
3527 5128 3665 5210 prima

2222 5237 2435 5294 contra
2471 5230 2508 5294 J
2516 5229 2884 5314 ulianum,§
2922 5229 3061 5294 Non
3112 5227 3396 5300 victimas,
3431 5225 3497 5288 de
3532 5221 3667 5283 Sanc·

2221 5325 2300 5386 tis
2328 5323 2623 5406 loquens,
2648 5325 2851 5405 inquit
2882 5344 2899 5388 ε
2934 5324 3205 5404 Quorum
3236 5321 3321 5388 vel
3344 5319 3460 5386 sola
3488 5326 3667 5394 cmm

2219 5419 2376 5484 idem
2395 5423 2651 5502 parunt
2676 5419 2838 5502 quod
2856 5419 3073 5486 anima
3096 5414 3463 5491 samoenivo
3482 5417 3665 5490 tana»
