3892 6167
1367 347 1684 405 USPUTAT.
1719 351 1843 404 Ltv.
1877 351 2045 405 sect.
2084 355 2141 407 ll.

101 449 400 514 bendit‘t
425 431 608 512 Addo
629 446 884 510 tandem
911 447 978 510 in
1005 447 1111 511 illa
1135 449 1404 530 epistola
1434 470 1562 515 non
1593 469 1694 514 sa-

103 547 206 608 tis
235 544 544 626 explicari
573 543 752 622 eujus
779 542 970 604 fuerit
1009 543 1214 624 figura
1253 546 1320 608 in
1368 547 1473 609 illo
1504 547 1693 610 linteo

105 641 414 720 depicta,
465 655 586 700 nec
635 637 864 698 dicitur
905 638 1096 700 fuisse
1139 639 1408 720 alicujus
1439 641 1688 714 Saneti3

111 735 306 796 uude
331 733 600 794 fortasse
629 731 993 811 contingere
1017 733 1240 810 potuit,
1275 741 1345 795 ut
1369 734 1558 796 fuerit
1584 733 1696 795 ali-

111 829 322 907 cujus
347 825 620 888 hominis
645 823 915 904 profani,
933 826 1103 904 quod
1121 829 1358 889 notavit
1381 828 1700 890 Marianus

113 923 376 997 Victor,
407 922 472 980 in
519 918 771 980 scholiis
813 917 894 980 ad
941 918 1104 982 hanc
1139 922 1467 1001 epistolam
1492 967 1509 995 ,
1559 925 1698 1002 qu'oe

115 1017 418 1078 hahetur
461 1020 616 1076 tom.
647 1014 688 1074 2
715 1029 978 1090 operum
1007 1015 1081 1075 D.
1117 1015 1506 1097 Hieronymi,
1537 1017 1700 1096 epis·

117 1109 266 1169 tola
295 1111 402 1170 60.
1663 1149 1666 1152 ·

217 1205 246 1262 1
263 1203 328 1262 5.
357 1199 452 1262 Ad
467 1205 757 1279 quartum
770 1201 904 1279 jam
927 1217 1302 1280 responsum
1322 1209 1440 1279 est,
1461 1203 1704 1264 nullum

113 1293 508 1357 scandalum
529 1293 728 1354 creari
755 1292 1046 1354 fidelibus
1057 1295 1122 1354 in
1143 1291 1452 1358 Catholica
1489 1297 1708 1360 Eccle-

118 1389 232 1448 sia
264 1405 348 1448 ex
375 1386 718 1465 imaginum
745 1404 887 1461 usu,
905 1387 1051 1466 quia
1081 1405 1302 1450 omnes
1327 1397 1558 1452 norunt
1575 1409 1704 1454 non

119 1482 288 1543 ideo
319 1479 586 1558 proponi
619 1485 692 1539 ut
718 1497 832 1558 per
858 1497 926 1540 se
954 1479 1318 1554 adorentur,
1349 1499 1424 1544 ac
1451 1482 1504 1544 si
1535 1484 1598 1545 in
1633 1501 1702 1546 se

119 1572 386 1652 aliquid
425 1571 706 1633 divinum
749 1576 860 1635 aut
905 1573 1220 1636 viventem
1266 1576 1552 1654 spiritum
1595 1576 1703 1638 ha-

121 1667 356 1736 beant,
381 1665 495 1727 sed
525 1664 726 1728 solum
749 1666 816 1726 in
839 1667 1236 1745 memoriam,
1265 1675 1330 1732 et
1357 1670 1704 1733 veneratio·

123 1779 290 1822 nem
318 1759 689 1823 Sanctorum
721 1778 882 1840 quos
915 1769 1384 1842 repraesentant.
1407 1764 1706 1844 Augusti-

123 1873 262 1914 nus
302 1857 518 1915 autem
543 1853 630 1914 ibi
657 1854 884 1916 citatus
925 1854 1206 1934 loquitur
1245 1855 1326 1918 de
1355 1856 1706 1918 simulacris

125 1954 202 2008 et
229 1945 421 2008 idolis
448 1948 754 2028 gentium,
785 1955 855 2010 ut
882 1967 960 2011 ex
993 1955 1307 2026 contextu,
1333 1956 1396 2013 et
1417 1951 1584 2012 illius
1609 1951 1704 2012 in·

125 2041 430 2103 tentione
445 2039 638 2104 facile
661 2047 852 2122 patet.

773 2231 990 2286 saeuo
1021 2233 1084 2286 11.

205 2348 398 2405 Utrum
418 2347 588 2405 liccat
610 2349 698 2406 nti
727 2345 832 2406 Dei
856 2353 911 2405 et
934 2346 1267 2423 Anqelorum
1290 2349 1642 2422 imaginibus.

227 2515 290 2573 i.
321 2512 392 2573 In
425 2510 772 2590 quaestione
806 2509 929 2573 hac
955 2527 1084 2572 non
1115 2510 1316 2572 solum
1343 2527 1484 2573 cum
1509 2509 1706 2574 hoere-

137 2605 308 2680 ticin,
343 2604 454 2666 sed
485 2604 674 2666 etiam
708 2623 854 2668 cum
887 2605 1206 2666 nonnullis
1225 2604 1556 2668 Catholicis
1585 2623 1704 2667 no-

135 2699 244 2760 bis
277 2695 726 2778 disputandum
755 2703 885 2770 est;
928 2715 1056 2758 non
1099 2698 1265 2759 enim
1299 2696 1558 2774 desunt,
1591 2699 1700 2778 qui

131 2797 384 2870 negent
435 2789 736 2870 expedire
789 2809 974 2852 usum
1023 2791 1370 2872 imaginum
1409 2791 1702 2871 spiritua·

129 2887 298 2946 lium
323 2901 560 2958 rerum,
577 2884 914 2963 proesertim
931 2884 1040 2945 Dei
1057 2891 1120 2946 et
1141 2884 1474 2948 Trinitatis.
1499 2885 1699 2956 Quam

133 2978 522 3041 sententiam
570 2977 734 3039 iuter
775 2975 1192 3040 scholasticos
1243 2977 1526 3041 defendit
1575 2979 1698 3040 Du-

133 3071 354 3146 rand„
403 3073 470 3132 in
495 3073 557 3145 3,
597 3070 744 3132 dist.
777 3073 840 3142 9,
880 3088 944 3149 q.
985 3075 1046 3142 2,
1077 3071 1158 3132 ad
1191 3075 1255 3144 4,
1299 3071 1409 3132 ubi
1455 3071 1702 3134 fatuum

138 3183 284 3228 esse
311 3164 460 3226 dicit
495 3165 804 3244 imagines
831 3163 1147 3227 Trinitatis
1181 3163 1414 3241 tacere,
1457 3169 1570 3227 ant
1595 3183 1702 3226 ve-

137 3260 376 3322 nerari.
407 3259 580 3320 idem
609 3261 950 3333 Abusens„
985 3262 1020 3322 4
1047 3278 1103 3321 c.
1131 3259 1416 3335 Denter„
1444 3277 1506 3338 q.
1537 3261 1614 3336 53
1639 3265 1704 3322 et

139 3353 342 3432 Ayala
369 3371 580 3432 supra.
609 3353 720 3413 Cui
750 3352 1026 3433 opinioni
1059 3351 1348 3414 videntur
1377 3351 1592 3414 Patres
1613 3353 1705 3414 in·

135 3449 390 3508 terdum
421 3465 552 3508 non
577 3463 800 3525 parum
827 3444 1062 3516 favere,
1092 3463 1360 3525 quorum
1395 3445 1554 3507 dicta
1577 3453 1706 3508 sta-

138 3541 255 3602 tim
305 3556 716 3618 exponemus.
758 3537 1266 3601 Fundamentum
1315 3538 1702 3618 potissimum

141 3634 390 3694 illorum
423 3639 539 3705 est,
570 3633 722 3712 quia
753 3633 912 3694 Deus
943 3633 1030 3710 (et
1072 3631 1240 3693 idem
1270 3639 1363 3694 est
1389 3631 1470 3693 de
1500 3634 1704 3712 Ange·

139 3726 234 3804 lis)
257 3744 388 3788 non
409 3725 600 3788 habet
613 3727 902 3806 liguram,
925 3741 1070 3786 cum
1085 3742 1428 3805 corporeus
1443 3742 1574 3787 non
1589 3725 1698 3798 sit3

141 3837 296 3900 ergo
311 3837 440 3881 non
459 3825 664 3900 potest
677 3819 956 3898 depingi,
974 3826 1083 3880 aut
1105 3819 1409 3898 corporali
1427 3819 1702 3897 imagine

135 3912 603 3992 repraesentari.
630 3910 810 3975 Unde
839 3913 960 3974 Isa.
984 3915 1068 3974 40
1088 3911 1354 3974 dicitur:
1390 3911 1510 3976 Gai
1527 3912 1704 3974 simi·-

135 4009 252 4072 lem
279 4011 524 4086 fecistis
561 4011 778 4080 Deam,
807 4015 918 4070 aut
951 4025 1132 4088 quam
1171 4009 1494 4088 imayiaem
1520 4021 1701 4087 pone-

142 4104 230 4164 tis
273 4103 374 4165 ci?
405 4108 469 4164 et
495 4103 694 4164 infra:
733 4101 854 4165 Cui
879 4099 1280 4164 assimilastis
1307 4115 1418 4170 me,
1451 4103 1508 4162 ei
1534 4101 1704 4163 adoe-

131 4197 406 4277 quassis,
421 4196 568 4261 dicit
593 4197 896 4262 Sanctus?
918 4201 982 4257 et
995 4211 1052 4256 c.
1071 4197 1182 4258 ⁴6:
1221 4194 1337 4258 Cui
1357 4193 1704 4257 assimila-5·

132 4293 230 4352 iis
261 4309 350 4354 me
370 4337 386 4362 ‚
431 4298 492 4354 ot
516 4291 883 4372 adaequastis
901 4331 918 4363 ‚
962 4293 1020 4353 ot
1053 4289 1454 4370 comparastis
1479 4305 1608 4363 me,
1638 4291 1698 4351 oi

127 4383 380 4460 fecistis
403 4383 700 4447 similem?

219 4481 282 4538 2.
327 4477 800 4539 Observandum
835 4493 988 4538 vero
1037 4481 1154 4551 est,
1205 4475 1453 4537 duobus
1493 4474 1698 4536 modis

135 4589 328 4655 posse
361 4571 709 4651 imaginem
739 4572 846 4633 Dei
879 4569 1160 4649 depingi,
1211 4569 1310 4630 vel
1357 4567 1440 4629 ad
1473 4585 1698 4648 reprae-

134 4665 520 4728 sentandum
531 4666 730 4734 illum,
749 4671 936 4745 prout
948 4665 1016 4725 in
1030 4681 1097 4726 se
1119 4669 1234 4738 est,
1253 4681 1366 4742 per
1379 4662 1699 4741 propriam

133 4780 218 4824 ac
235 4761 566 4824 formalem
599 4759 1105 4830 similitudinem3
1139 4757 1237 4820 vel
1259 4757 1461 4819 solum
1491 4758 1573 4819 ad
1593 4775 1700 4820 re·

131 4855 646 4937 praesentandum
706 4852 1054 4916 secundum
1111 4851 1454 4932 quamdam
1505 4859 1702 4914 meta-

129 4951 406 5030 phoram
457 4955 566 5010 aut
613 4947 1080 5028 proportionem
1101 4990 1116 5013 ,
1169 4962 1282 5006 seu
1323 4945 1444 5006 sub
1487 4945 1698 5024 aliqua

134 5042 384 5122 specie,
418 5043 482 5103 in
511 5059 636 5120 qua
681 5039 997 5102 interdum
1035 5037 1102 5098 in
1151 5039 1470 5119 Scriptura
1519 5057 1698 5100 sacra

132 5136 506 5218 apparuisse
533 5135 780 5197 dicitur.

219 5233 282 5291 3.
301 5231 413 5292 Dei
425 5235 483 5292 et
501 5233 548 5291 A
561 5229 872 5308 cyclorum
883 5224 1180 5304 imayiaee
1193 5225 1362 5289 licite
1373 5229 1432 5289 et
1444 5224 1536 5286 rel
1543 5225 1694 5305 119111-

135 5343 203 5388 se
231 5326 302 5385 in
319 5341 436 5385 usu
469 5323 777 5404 habentur.
811 5353 892 5368 --
908 5319 1248 5380 Dicendum
1273 5325 1372 5380 est
1397 5335 1549 5398 ergo
1572 5319 1692 5397 pri-

135 5437 270 5487 mo,
303 5435 430 5478 non
449 5433 586 5478 esse
603 5415 884 5476 absolute
901 5421 965 5475 et
979 5413 1344 5493 simpliciter
1357 5413 1694 5491 reprehen-

135 5511 419 5585 dendum
447 5527 632 5576 nsum
659 5507 1002 5591 imaginum
1031 5506 1166 5580 Dei,
1201 5511 1262 5568 et
1287 5505 1687 5588 Angelorum,

1773 451 1884 514 sed
1914 453 2125 533 potius
2152 455 2406 518 retineri
2445 473 2631 537 posse
2662 461 2723 519 et
2746 455 3066 537 expedire,
3104 459 3157 522 si
3186 473 3331 540 praa

1775 545 1995 610 denter
2022 547 2152 611 fiat.
2190 551 2333 612 Hoec
2376 555 2471 612 est
2504 550 2855 612 communis
2880 553 3341 634 'theologorum

1776 643 2108 716 sententia,
2134 643 2466 724 etquidem
2484 644 2779 724 (quodad
2801 647 3075 724 Angelos
3094 649 3341 728 attinet)

1779 741 1998 814 aperte
2039 735 2309 797 traditur
2354 737 2419 798 in
2468 738 2571 798 vn
2610 737 2870 818 Synod„
2930 745 3049 801 act.
3103 741 3142 801 2
3170 747 3229 802 et
3276 742 3337 815 5,

1779 828 2065 906 quamvis
2108 829 2291 904 ratio,
2326 847 2465 909 quae
2508 830 2595 891 ibi
2626 830 3047 910 subjungitur,
3080 833 3337 908 scilicet,

1779 919 1927 1000 quia
1954 921 2176 1002 Angeli
2206 923 2489 1001 corporei
2524 929 2694 994 sunt,
2726 941 2853 983 non
2884 923 2961 984 sit
2991 925 3339 1004 probanda,

1779 1016 1926 1092 quia
1950 1031 2066 1074 nec
2092 1033 2307 1076 verum
2328 1016 2610 1088 assumit,
2633 1033 2837 1094 neque
2859 1035 2895 1076 a
2922 1022 3053 1078 tota
3086 1017 3341 1098 Synodo

1785 1105 2025 1168 directe
2052 1107 2420 1187 approbata,
2454 1108 2567 1169 sed
2590 1109 2793 1170 solum
2840 1114 2936 1170 est
2976 1111 3235 1172 recitata
3265 1129 3344 1173 ex

1785 1199 2059 1278 quadam
2110 1201 2370 1280 epistola
2420 1203 2683 1263 Joannis
2722 1202 3303 1264 Thessalonicensis
3318 1219 3339 1281 3

1785 1301 2005 1373 postea
2032 1311 2181 1356 vero
2222 1293 2557 1356 Thai-asiae
2586 1294 2774 1355 dixit:
2830 1294 3109 1358 Ostendit
3145 1303 3344 1360 autem

1785 1387 1981 1452 Pater
2025 1387 2185 1469 quod
2235 1393 2295 1451 et
2344 1388 2611 1466 Amyclas
2663 1389 2979 1470 depinyero
3030 1394 3303 1472 oporteat
3320 1433 3341 1466 ‚

1783 1481 2021 1559 quando
2048 1482 2463 1544 circumscribi
2484 1487 2734 1562 possunt
2742 1526 2757 1552 ‚
2781 1487 2837 1544 et
2858 1487 2927 1542 ut
2947 1481 3209 1544 homines
3236 1499 3341 1562 ap·

1775 1579 2145 1656 parumne
2162 1590 2341 1636 sacra
2358 1571 2649 1652 Synodus
2673 1575 2867 1636 dicit:
2891 1574 3110 1637 Etiam
3136 1575 3229 1637 Do
3239 1575 3344 1636 mi-

1781 1683 1872 1729 ne.
1899 1665 2033 1740 Quo
2050 1666 2267 1741 verbo,
2290 1667 2775 1746 propositionem
2793 1667 2993 1746 ipsam
3013 1667 3342 1747 approbat,

1781 1777 1912 1820 non
1938 1766 2271 1839 utramque
2305 1759 2647 1831 rationem3
2680 1759 2969 1837 quamvis
3000 1760 3193 1821 etiam
3237 1777 3347 1822 ue-

1784 1852 2128 1914 cossarium
2150 1869 2275 1914 non
2296 1853 2375 1914 sit
2392 1869 2613 1913 omnes
2628 1854 2905 1913 rationes
2926 1851 3343 1915 Conciliat-um

1785 1946 2015 2008 solidas
2044 1963 2205 2012 esse.
2232 1947 2307 2007 Et
2334 1944 2587 2025 probari
2611 1950 2915 2024 praeterea
2940 1952 3167 2026 potest,
3198 1947 3346 2025 quia

1785 2040 1876 2124 (ut
1903 2057 2097 2119 supra
2127 2040 2515 2116 dicebamus)
2546 2038 2882 2102 Cherubim
2902 2039 3085 2119 jussu
3108 2040 3221 2102 Dei
3240 2039 3347 2103 de·-

1784 2133 1930 2214 picti
1962 2139 2106 2195 sunt
2150 2134 2209 2194 in
2240 2134 2499 2213 antiquo
2527 2133 2788 2212 templo,
2822 2139 2882 2194 et
2912 2133 2975 2193 in
3022 2133 3345 2213 Scriptura

1787 2247 1965 2292 sacra
1994 2247 2160 2310 saepe
2190 2229 2569 2290 inducuntur
2604 2227 2832 2307 Angeli
2860 2227 2979 2288 sub
3002 2227 3219 2288 formis
3246 2245 3346 2288 re·

1786 2341 1930 2385 rum
1966 2321 2391 2394 sensibilium;
2433 2338 2592 2399 quas
2634 2319 2871 2398 optime
2906 2319 3171 2400 explicat
3202 2318 3345 2382 Dio-

1783 2436 1954 2498 nys,
1994 2433 2134 2496 cap.
2172 2418 2247 2479 13
2280 2421 2343 2478 et
2377 2418 2452 2480 15
2478 2415 2559 2476 de
2606 2413 2849 2477 Coelesti
2896 2413 3236 2488 hierarch„
3284 2419 3348 2477 et

1784 2511 2051 2584 indicat,
2103 2528 2217 2571 suo
2248 2509 2476 2570 soeeulo
2516 2526 2704 2569 usum
2739 2507 2933 2570 fuisse
2970 2509 3033 2568 in
3064 2508 3343 2569 Ecclesia

1785 2602 2165 2686 depingendi
2192 2603 2463 2681 Angelos
2476 2603 2542 2662 in
2564 2601 2883 2680 easpecie,
2900 2601 2965 2662 in
2988 2619 3111 2681 qua
3126 2599 3347 2680 legun·-

1782 2699 1975 2761 turin
2022 2697 2341 2776 Scriptura
2380 2694 2765 2774 apparuisse.
2800 2693 2977 2766 Quod
3004 2694 3100 2754 his
3140 2691 3349 2754 verbis

1782 2791 2011 2855 clarius
2046 2789 2201 2851 dixit
2239 2789 2522 2864 Nazian„
2552 2795 2705 2850 orat.
2733 2791 2849 2863 23,
2890 2787 2957 2850 in
3002 2784 3343 2867 principio:

1782 2885 2111 2967 Anqelicus
2138 2890 2227 2948 eet
2243 2885 2493 2948 vestitus
2519 2883 2767 2957 candor,
2797 2887 2852 2944 et
2874 2881 3174 2960 splendor,
3213 2887 3348 2943 cum

1782 2997 2067 3062 corporea
2083 2983 2282 3059 sbi-ma
2294 2978 2659 3058 piayuniur,
2687 2977 2770 3040 ad
2786 2977 3219 3058 destynandam
3238 2993 3351 3039 aa·

1783 3075 2046 3141 tui-alem
2064 3091 2267 3136 eoram
2288 3073 2645 3154 puritatem.
2670 3071 2746 3132 Et
2773 3089 2850 3132 ex
2872 3071 3028 3132 actis
3048 3066 3348 3133 Constan-

1781 3168 1896 3231 tini
1917 3173 1981 3229 et
2002 3167 2301 3247 Sylvestri
2325 3172 2595 3238 constat,
2623 3163 3009 3244 Angelorum
3038 3163 3346 3245 imagines

1784 3262 1848 3323 in
1879 3260 2188 3336 Ecclesiis,
2233 3277 2391 3338 quas
2416 3257 2828 3333 aedificarunt,
2859 3259 3171 3339 posuisse.

1864 3359 1927 3417 4.
1972 3355 2060 3414 Ex
2104 3354 2201 3414 bis
2247 3369 2397 3413 vero
2448 3351 2532 3412 ad
2580 3351 2887 3431 imagines
2935 3351 3043 3411 Dei
3082 3349 3349 3430 gradum

1783 3447 2096 3519 faciendo,
2122 3445 2341 3507 eodem
2366 3444 2497 3506 fere
2522 3443 2709 3504 modo
2738 3443 2985 3504 illarum
3010 3460 3161 3503 usus
3181 3457 3351 3505 com·

1782 3541 2038 3622 probari
2066 3543 2273 3620 potest
2302 3557 2319 3612 3
2345 3555 2473 3616 non
2498 3543 2593 3599 est
2618 3537 2785 3599 enim
2810 3536 3073 3598 dubium
3101 3537 3254 3616 quin
3284 3535 3350 3596 in

1785 3634 2056 3697 Ecclesia
2112 3630 2427 3694 catholica
2474 3631 2817 3710 permissus
2862 3629 2979 3690 sit:
3022 3644 3349 3706 nunquam

1785 3733 1997 3790 antem
2018 3727 2303 3788 Romana
2326 3725 2601 3786 Ecclesia
2625 3722 2800 3784 illum
2831 3722 3209 3802 generaliter
3238 3721 3349 3782 ad-

1783 3823 2080 3894 mitteret,
2114 3821 2163 3880 si
2198 3819 2503 3880 honestus
2532 3835 2656 3878 non
2698 3823 2897 3890 esset;
2928 3815 3085 3895 quin
3116 3815 3344 3894 potius,

1785 3915 1890 3976 VII
1921 3913 2184 3994 synod„
2213 3918 2333 3975 act.
2367 3914 2426 3988 5,
2448 3911 2610 3973 circa
2644 3910 3120 3989 med.,Spiritus
3136 3907 3345 3970 Sancti

1782 4008 2122 4088 imaginem
2180 4007 2301 4068 sub
2374 4007 2583 4086 specie
2635 4001 2945 4066 columbas
2999 4001 3305 4082 approbat
3325 4048 3341 4075 ‚

1784 4121 1974 4184 quam
2009 4101 2509 4180 antiquissimam
2537 4117 2675 4160 esse
2706 4103 2947 4160 constat
2967 4113 3044 4157 ex
3073 4095 3127 4156 V
3150 4095 3347 4174 Syno-

1784 4200 1889 4270 do,
1921 4203 2043 4259 act.
2074 4201 2135 4272 1,
2159 4195 2224 4256 in
2256 4193 2709 4274 supplicatione
2735 4193 3105 4256 clericorum
3130 4196 3345 4252 etmo-

1781 4291 2127 4354 nachorum
2178 4287 2519 4351 Antiochiae
2577 4285 2660 4349 ad
2730 4285 2911 4348 Joan.
2962 4283 3305 4347 Patriarch«
3325 4328 3341 4357 ‚

1779 4387 1996 4446 contra
2028 4379 2479 4458 Severum,'qui
2509 4384 2995 4461 praesumpserat
3022 4375 3345 4440 columbas

1779 4495 2005 4539 aureas
2032 4483 2093 4538 et
2114 4481 2449 4555 argenteas
2472 4474 2536 4535 in
2558 4473 2828 4534 formam
2852 4472 3118 4552 Spiritus
3132 4469 3341 4532 Sancti

1782 4589 1977 4652 super
2015 4569 2225 4632 divina
2261 4569 2511 4630 lavacra
2540 4574 2602 4628 et
2632 4567 2850 4628 altaria
2879 4582 3192 4644 appensas
3225 4561 3341 4623 sibi

1782 4665 2217 4747 appropriare,
2252 4663 2644 4738 dicens,non
2700 4666 2990 4739 oportere
3044 4657 3339 4736 Spiritum

1783 4761 2079 4822 Sanctum
2104 4757 2167 4818 in
2194 4757 2402 4833 specie
2425 4754 2727 4817 columbae
2748 4752 3099 4814 nominare.
3126 4745 3339 4810 Refert

1783 4855 1973 4916 etiam
2004 4850 2475 4931 Amphilochius
2498 4893 2513 4920 ,
2547 4845 2845 4910 Basiliam
2874 4843 3173 4920 Magnum
3225 4841 3363 4902 Em.

1781 4946 2139 5009 charistiam
2172 4945 2231 5004 in
2264 4941 2625 5022 hujusmodi
2672 4937 2977 5003 columbis
3019 4953 3335 4998 asservare

1777 5038 2029 5103 solitum
2070 5055 2229 5099 esse.
2284 5037 2467 5098 Sexta
2512 5035 2701 5096 etiam
2740 5029 3005 5112 Synod„
3046 5046 3189 5089 can.
3232 5029 3333 5103 82,

1777 5132 2086 5212 approbat
2132 5131 2469 5208 imaginem
2500 5125 2726 5190 Christi
2766 5123 2885 5184 sub
2931 5123 3133 5202 figura
3162 5119 3330 5198 agni.

1777 5225 2148 5303 Quanquam
2196 5223 2364 5284 enim
2408 5220 2709 5300 Angelum,
2744 5217 2942 5296 Sylv.,
2995 5212 3239 5280 Armil„
3272 5215 3336 5274 et

1775 5318 1878 5380 alii
1908 5317 2289 5390 sommium,
2319 5323 2381 5376 et
2410 5313 2905 5376 Bartholomaeus
2932 5307 3237 5380 Mil-anda,
3268 5306 3335 5368 iu

1775 5427 2022 5474 summa
2044 5407 2484 5482 conciliorum,
2500 5403 2939 5472 intellexerint,
2960 5401 3069 5462 illo
3090 5416 3333 5462 canone

1774 5503 2138 5590 hujusmodi
2176 5503 2519 5582 imaginem
2548 5493 2897 5585 prohiberi,
2939 5511 3085 5557 vera
3117 5500 3331 5559 tamen
