<?xml version="1.0" encoding="UTF-8"?>
<!DOCTYPE html PUBLIC "-//W3C//DTD XHTML 1.0 Transitional//EN"
    "http://www.w3.org/TR/xhtml1/DTD/xhtml1-transitional.dtd">
<html xmlns="http://www.w3.org/1999/xhtml" xml:lang="en" lang="en">
 <head>
  <title>
</title>
<meta http-equiv="Content-Type" content="text/html;charset=utf-8" />
  <meta name='ocr-system' content='tesseract 3.04.00' />
  <meta name='ocr-capabilities' content='ocr_page ocr_carea ocr_par ocr_line ocrx_word'/>
</head>
<body>
  <div class='ocr_page' id='page_1' title='image "./rpfranciscisuar00unkngoog_0718.png"; bbox 0 0 3892 6167; ppageno 0'>
   <div class='ocr_carea' id='block_1_1' title="bbox 27 5787 246 6136">
    <p class='ocr_par' dir='ltr' id='par_1_1' title="bbox 27 5787 252 6136">
     <span class='ocr_line' id='line_1_1' title="bbox 27 5787 246 6136; baseline -0.009 1"><span class='ocrx_word' id='word_1_1' title='bbox 27 5787 246 6136; x_wconf 74' lang='lat' dir='ltr'><strong>l.</strong></span> 
     </span>
    </p>
   </div>
   <div class='ocr_carea' id='block_1_2' title="bbox 495 310 2322 377">
    <p class='ocr_par' dir='ltr' id='par_1_2' title="bbox 495 310 2322 377">
     <span class='ocr_line' id='line_1_2' title="bbox 495 310 2322 377; baseline -0.001 -7"><span class='ocrx_word' id='word_1_2' title='bbox 495 313 620 377; x_wconf 79' lang='grc'><strong>’100</strong></span> <span class='ocrx_word' id='word_1_3' title='bbox 1868 310 2055 366; x_wconf 56' lang='lat' dir='ltr'><strong>tubex</strong></span> <span class='ocrx_word' id='word_1_4' title='bbox 2091 311 2322 370; x_wconf 71' lang='lat' dir='ltr'><strong>RERUM.</strong></span> 
     </span>
    </p>
   </div>
   <div class='ocr_carea' id='block_1_3' title="bbox 495 406 2056 932">
    <p class='ocr_par' dir='ltr' id='par_1_3' title="bbox 495 406 2054 479">
     <span class='ocr_line' id='line_1_3' title="bbox 495 406 2054 479; baseline -0.006 -9"><span class='ocrx_word' id='word_1_5' title='bbox 495 415 659 470; x_wconf 72' lang='lat' dir='ltr'><strong>Homo</strong></span> <span class='ocrx_word' id='word_1_6' title='bbox 691 412 890 479; x_wconf 66' lang='lat' dir='ltr'><strong>ponnus</strong></span> <span class='ocrx_word' id='word_1_7' title='bbox 914 413 990 463; x_wconf 72' lang='lat' dir='ltr'><strong>est</strong></span> <span class='ocrx_word' id='word_1_8' title='bbox 1011 410 1165 466; x_wconf 70' lang='lat' dir='ltr'><strong>beas.</strong></span> <span class='ocrx_word' id='word_1_9' title='bbox 1188 421 1315 464; x_wconf 80' lang='lat' dir='ltr'><strong>vera</strong></span> <span class='ocrx_word' id='word_1_10' title='bbox 1342 414 1423 464; x_wconf 89' lang='lat' dir='ltr'><strong>est</strong></span> <span class='ocrx_word' id='word_1_11' title='bbox 1455 406 1772 477; x_wconf 71' lang='lat' dir='ltr'><strong>propositio,</strong></span> <span class='ocrx_word' id='word_1_12' title='bbox 1802 408 1932 474; x_wconf 85' lang='lat' dir='ltr'><strong>quia</strong></span> <span class='ocrx_word' id='word_1_13' title='bbox 1964 407 2054 462; x_wconf 85' lang='lat' dir='ltr'><strong>hic</strong></span> 
     </span>
    </p>

    <p class='ocr_par' dir='ltr' id='par_1_4' title="bbox 497 485 2056 932">
     <span class='ocr_line' id='line_1_4' title="bbox 559 485 2049 556; baseline -0.005 -12"><span class='ocrx_word' id='word_1_14' title='bbox 559 493 722 544; x_wconf 89' lang='lat' dir='ltr'><strong>homo</strong></span> <span class='ocrx_word' id='word_1_15' title='bbox 738 502 834 556; x_wconf 86' lang='lat' dir='ltr'><strong>per</strong></span> <span class='ocrx_word' id='word_1_16' title='bbox 846 487 1252 555; x_wconf 79' lang='lat' dir='ltr'><strong>generationem</strong></span> <span class='ocrx_word' id='word_1_17' title='bbox 1269 487 1432 541; x_wconf 89' lang='lat' dir='ltr'><strong>hahet</strong></span> <span class='ocrx_word' id='word_1_18' title='bbox 1447 492 1505 540; x_wconf 91' lang='lat' dir='ltr'><strong>ut</strong></span> <span class='ocrx_word' id='word_1_19' title='bbox 1516 487 1587 539; x_wconf 90' lang='lat' dir='ltr'><strong>sit</strong></span> <span class='ocrx_word' id='word_1_20' title='bbox 1600 487 1756 546; x_wconf 85' lang='lat' dir='ltr'><strong>Deus,</strong></span> <span class='ocrx_word' id='word_1_21' title='bbox 1769 485 1823 538; x_wconf 89' lang='lat' dir='ltr'><strong>d.</strong></span> <span class='ocrx_word' id='word_1_22' title='bbox 1839 491 1888 536; x_wconf 82' lang='grc'><strong>31</strong></span> <span class='ocrx_word' id='word_1_23' title='bbox 1905 523 1920 545; x_wconf 85' lang='grc'><strong>,</strong></span> <span class='ocrx_word' id='word_1_24' title='bbox 1935 499 1979 536; x_wconf 91' lang='lat' dir='ltr'><strong>s.</strong></span> <span class='ocrx_word' id='word_1_25' title='bbox 2004 491 2049 538; x_wconf 80' lang='grc'><strong>6.</strong></span> 
     </span>
     <span class='ocr_line' id='line_1_5' title="bbox 497 558 2056 652; baseline -0.003 -34"><span class='ocrx_word' id='word_1_26' title='bbox 497 567 660 618; x_wconf 83' lang='lat' dir='ltr'><strong>Homo</strong></span> <span class='ocrx_word' id='word_1_27' title='bbox 683 565 833 652; x_wconf 47' lang='lat' dir='ltr'><strong>erupit</strong></span> <span class='ocrx_word' id='word_1_28' title='bbox 853 577 978 626; x_wconf 76' lang='lat' dir='ltr'><strong>esse,</strong></span> <span class='ocrx_word' id='word_1_29' title='bbox 1003 564 1374 617; x_wconf 87' lang='lat' dir='ltr'><strong>demonstrato</strong></span> <span class='ocrx_word' id='word_1_30' title='bbox 1395 561 1623 625; x_wconf 85' lang='lat' dir='ltr'><strong>Christo,</strong></span> <span class='ocrx_word' id='word_1_31' title='bbox 1653 558 1762 613; x_wconf 86' lang='lat' dir='ltr'><strong>dici</strong></span> <span class='ocrx_word' id='word_1_32' title='bbox 1803 571 1914 613; x_wconf 89' lang='lat' dir='ltr'><strong>non</strong></span> <span class='ocrx_word' id='word_1_33' title='bbox 1954 571 2056 626; x_wconf 90' lang='lat' dir='ltr'><strong>po-</strong></span> 
     </span>
     <span class='ocr_line' id='line_1_6' title="bbox 497 640 2055 803; baseline -0.007 -34"><span class='ocrx_word' id='word_1_34' title='bbox 497 640 972 782; x_wconf 47' lang='lat' dir='ltr'><strong>Hotrtffg’tssomodo</strong></span> <span class='ocrx_word' id='word_1_35' title='bbox 997 720 1060 768; x_wconf 89' lang='lat' dir='ltr'><strong>ut</strong></span> <span class='ocrx_word' id='word_1_36' title='bbox 1085 714 1264 780; x_wconf 83' lang='lat' dir='ltr'><strong>imago</strong></span> <span class='ocrx_word' id='word_1_37' title='bbox 1284 713 1377 769; x_wconf 83' lang='lat' dir='ltr'><strong>Dei</strong></span> <span class='ocrx_word' id='word_1_38' title='bbox 1409 712 1622 768; x_wconf 88' lang='lat' dir='ltr'><strong>adorari</strong></span> <span class='ocrx_word' id='word_1_39' title='bbox 1661 711 1848 778; x_wconf 77' lang='lat' dir='ltr'><strong>possit,</strong></span> <span class='ocrx_word' id='word_1_40' title='bbox 1881 711 1934 763; x_wconf 84' lang='lat' dir='ltr'><strong>d.</strong></span> <span class='ocrx_word' id='word_1_41' title='bbox 1974 713 2055 803; x_wconf 70' lang='lat' dir='ltr'><strong>st,</strong></span> 
     </span>
     <span class='ocr_line' id='line_1_7' title="bbox 498 797 1263 932; baseline -0.008 -10"><span class='ocrx_word' id='word_1_42' title='bbox 498 797 976 932; x_wconf 41' lang='lat' dir='ltr'><strong>Visdezatistaetio,</strong></span> <span class='ocrx_word' id='word_1_43' title='bbox 999 866 1263 920; x_wconf 63' lang='lat' dir='ltr'><strong>ueritum.</strong></span> 
     </span>
    </p>
   </div>
   <div class='ocr_carea' id='block_1_4' title="bbox 1191 1012 1372 1052">
    <p class='ocr_par' dir='ltr' id='par_1_5' title="bbox 1191 1012 1372 1052">
     <span class='ocr_line' id='line_1_8' title="bbox 1191 1012 1372 1052; baseline -0.011 0"><span class='ocrx_word' id='word_1_44' title='bbox 1191 1012 1353 1052; x_wconf 70' lang='grc' dir='ltr'><strong>110ῑὶ01</strong></span> <span class='ocrx_word' id='word_1_45' title='bbox 1361 1037 1372 1050; x_wconf 89' lang='grc'><strong>.</strong></span> 
     </span>
    </p>
   </div>
   <div class='ocr_carea' id='block_1_5' title="bbox 494 1119 2059 1653">
    <p class='ocr_par' dir='ltr' id='par_1_6' title="bbox 499 1119 2059 1196">
     <span class='ocr_line' id='line_1_9' title="bbox 499 1119 2059 1196; baseline -0.007 -11"><span class='ocrx_word' id='word_1_46' title='bbox 499 1131 678 1185; x_wconf 87' lang='lat' dir='ltr'><strong>Honor</strong></span> <span class='ocrx_word' id='word_1_47' title='bbox 709 1143 774 1184; x_wconf 87' lang='lat' dir='ltr'><strong>eo</strong></span> <span class='ocrx_word' id='word_1_48' title='bbox 797 1131 972 1196; x_wconf 88' lang='lat' dir='ltr'><strong>major</strong></span> <span class='ocrx_word' id='word_1_49' title='bbox 999 1133 1096 1192; x_wconf 89' lang='lat' dir='ltr'><strong>est,</strong></span> <span class='ocrx_word' id='word_1_50' title='bbox 1136 1140 1246 1194; x_wconf 89' lang='lat' dir='ltr'><strong>quo</strong></span> <span class='ocrx_word' id='word_1_51' title='bbox 1273 1140 1306 1180; x_wconf 87' lang='lat' dir='ltr'><strong>a</strong></span> <span class='ocrx_word' id='word_1_52' title='bbox 1333 1125 1526 1194; x_wconf 82' lang='lat' dir='ltr'><strong>majori</strong></span> <span class='ocrx_word' id='word_1_53' title='bbox 1562 1136 1793 1192; x_wconf 88' lang='lat' dir='ltr'><strong>persona</strong></span> <span class='ocrx_word' id='word_1_54' title='bbox 1829 1119 2059 1176; x_wconf 78' lang='lat' dir='ltr'><strong>exhibe-</strong></span> 
     </span>
    </p>

    <p class='ocr_par' dir='ltr' id='par_1_7' title="bbox 495 1207 2055 1348">
     <span class='ocr_line' id='line_1_10' title="bbox 495 1207 2055 1348; baseline -0.005 -14"><span class='ocrx_word' id='word_1_55' title='bbox 495 1212 678 1335; x_wconf 50' lang='lat' dir='ltr'><strong>Hotrlilgr</strong></span> <span class='ocrx_word' id='word_1_56' title='bbox 691 1207 966 1348; x_wconf 52' lang='grc' dir='ltr'><strong>ῗιύἒᾶὃᾷἱῗ,</strong></span> <span class='ocrx_word' id='word_1_57' title='bbox 1001 1285 1053 1333; x_wconf 89' lang='lat' dir='ltr'><strong>et</strong></span> <span class='ocrx_word' id='word_1_58' title='bbox 1097 1279 1331 1346; x_wconf 74' lang='lat' dir='ltr'><strong>qualiter</strong></span> <span class='ocrx_word' id='word_1_59' title='bbox 1362 1293 1419 1333; x_wconf 86' lang='lat' dir='ltr'><strong>se</strong></span> <span class='ocrx_word' id='word_1_60' title='bbox 1449 1279 1644 1332; x_wconf 85' lang='lat' dir='ltr'><strong>habeat</strong></span> <span class='ocrx_word' id='word_1_61' title='bbox 1686 1273 1757 1329; x_wconf 88' lang='lat' dir='ltr'><strong>ad</strong></span> <span class='ocrx_word' id='word_1_62' title='bbox 1778 1273 2055 1328; x_wconf 90' lang='lat' dir='ltr'><strong>adoratio-</strong></span> 
     </span>
    </p>

    <p class='ocr_par' dir='ltr' id='par_1_8' title="bbox 495 1358 2050 1501">
     <span class='ocr_line' id='line_1_11' title="bbox 495 1358 2050 1501; baseline -0.006 -13"><span class='ocrx_word' id='word_1_63' title='bbox 495 1358 1114 1501; x_wconf 32' lang='lat' dir='ltr'><strong>HossieoTtt’sspgtesstelsseus</strong></span> <span class='ocrx_word' id='word_1_64' title='bbox 1133 1433 1249 1487; x_wconf 90' lang='lat' dir='ltr'><strong>solo</strong></span> <span class='ocrx_word' id='word_1_65' title='bbox 1271 1431 1516 1484; x_wconf 88' lang='lat' dir='ltr'><strong>interiori</strong></span> <span class='ocrx_word' id='word_1_66' title='bbox 1539 1435 1690 1484; x_wconf 89' lang='lat' dir='ltr'><strong>motu</strong></span> <span class='ocrx_word' id='word_1_67' title='bbox 1713 1427 1916 1493; x_wconf 86' lang='lat' dir='ltr'><strong>cordiS‚</strong></span> <span class='ocrx_word' id='word_1_68' title='bbox 1938 1441 1983 1480; x_wconf 89' lang='lat' dir='ltr'><strong>s.</strong></span> <span class='ocrx_word' id='word_1_69' title='bbox 2002 1431 2050 1478; x_wconf 78' lang='lat'><strong>2.</strong></span> 
     </span>
    </p>

    <p class='ocr_par' dir='ltr' id='par_1_9' title="bbox 494 1503 2051 1653">
     <span class='ocr_line' id='line_1_12' title="bbox 494 1503 2051 1577; baseline -0.008 -9"><span class='ocrx_word' id='word_1_70' title='bbox 494 1513 676 1568; x_wconf 86' lang='lat' dir='ltr'><strong>Honor</strong></span> <span class='ocrx_word' id='word_1_71' title='bbox 708 1510 889 1566; x_wconf 86' lang='lat' dir='ltr'><strong>civilis</strong></span> <span class='ocrx_word' id='word_1_72' title='bbox 911 1517 966 1564; x_wconf 88' lang='lat' dir='ltr'><strong>et</strong></span> <span class='ocrx_word' id='word_1_73' title='bbox 995 1516 1252 1563; x_wconf 88' lang='lat' dir='ltr'><strong>externus</strong></span> <span class='ocrx_word' id='word_1_74' title='bbox 1284 1507 1628 1577; x_wconf 85' lang='lat' dir='ltr'><strong>principibus</strong></span> <span class='ocrx_word' id='word_1_75' title='bbox 1661 1506 1783 1572; x_wconf 86' lang='lat' dir='ltr'><strong>jure</strong></span> <span class='ocrx_word' id='word_1_76' title='bbox 1815 1503 2051 1558; x_wconf 88' lang='lat' dir='ltr'><strong>naturali</strong></span> 
     </span>
     <span class='ocr_line' id='line_1_13' title="bbox 553 1583 1131 1653; baseline -0.007 -11"><span class='ocrx_word' id='word_1_77' title='bbox 553 1585 801 1653; x_wconf 86' lang='lat' dir='ltr'><strong>debetur,</strong></span> <span class='ocrx_word' id='word_1_78' title='bbox 823 1583 878 1640; x_wconf 84' lang='lat' dir='ltr'><strong>d.</strong></span> <span class='ocrx_word' id='word_1_79' title='bbox 911 1589 989 1649; x_wconf 72' lang='lat'><strong>52,</strong></span> <span class='ocrx_word' id='word_1_80' title='bbox 1018 1599 1060 1641; x_wconf 84' lang='lat' dir='ltr'><strong>s.</strong></span> <span class='ocrx_word' id='word_1_81' title='bbox 1085 1590 1131 1638; x_wconf 83' lang='lat'><strong>1.</strong></span> 
     </span>
    </p>
   </div>
   <div class='ocr_carea' id='block_1_6' title="bbox 843 1749 1696 1790">
    <p class='ocr_par' dir='ltr' id='par_1_10' title="bbox 843 1749 1696 1790">
     <span class='ocr_line' id='line_1_14' title="bbox 843 1749 1696 1790; baseline -0.001 -1"><span class='ocrx_word' id='word_1_82' title='bbox 843 1749 1140 1790; x_wconf 69' lang='lat' dir='ltr'><strong>nunnius-</strong></span> <span class='ocrx_word' id='word_1_83' title='bbox 1176 1749 1454 1790; x_wconf 60' lang='lat' dir='ltr'><strong>HUUAHU&#39;AS</strong></span> <span class='ocrx_word' id='word_1_84' title='bbox 1485 1749 1696 1790; x_wconf 69' lang='lat' dir='ltr'><strong>enuisti.</strong></span> 
     </span>
    </p>
   </div>
   <div class='ocr_carea' id='block_1_7' title="bbox 478 1859 2057 5428">
    <p class='ocr_par' dir='ltr' id='par_1_11' title="bbox 493 1859 2055 2076">
     <span class='ocr_line' id='line_1_15' title="bbox 493 1859 2055 1926; baseline -0.001 -14"><span class='ocrx_word' id='word_1_85' title='bbox 493 1859 810 1914; x_wconf 72' lang='lat' dir='ltr'><strong>Humanitas</strong></span> <span class='ocrx_word' id='word_1_86' title='bbox 831 1860 988 1913; x_wconf 89' lang='lat' dir='ltr'><strong>unita</strong></span> <span class='ocrx_word' id='word_1_87' title='bbox 1019 1859 1196 1913; x_wconf 87' lang='lat' dir='ltr'><strong>tribus</strong></span> <span class='ocrx_word' id='word_1_88' title='bbox 1223 1859 1470 1926; x_wconf 89' lang='lat' dir='ltr'><strong>personis</strong></span> <span class='ocrx_word' id='word_1_89' title='bbox 1503 1870 1615 1911; x_wconf 90' lang='lat' dir='ltr'><strong>non</strong></span> <span class='ocrx_word' id='word_1_90' title='bbox 1649 1863 1790 1911; x_wconf 88' lang='lat' dir='ltr'><strong>esset</strong></span> <span class='ocrx_word' id='word_1_91' title='bbox 1819 1859 2055 1910; x_wconf 73' lang='lat' dir='ltr'><strong>sanctior</strong></span> 
     </span>
     <span class='ocr_line' id='line_1_16' title="bbox 553 1933 2052 2000; baseline 0.001 -14"><span class='ocrx_word' id='word_1_92' title='bbox 553 1947 718 2000; x_wconf 75' lang='lat' dir='ltr'><strong>noque</strong></span> <span class='ocrx_word' id='word_1_93' title='bbox 749 1935 1145 1995; x_wconf 87' lang='lat' dir='ltr'><strong>venerabilior,</strong></span> <span class='ocrx_word' id='word_1_94' title='bbox 1190 1947 1355 2000; x_wconf 85' lang='lat' dir='ltr'><strong>quam</strong></span> <span class='ocrx_word' id='word_1_95' title='bbox 1395 1933 1466 1988; x_wconf 89' lang='lat' dir='ltr'><strong>sit</strong></span> <span class='ocrx_word' id='word_1_96' title='bbox 1503 1946 1654 1988; x_wconf 88' lang='lat' dir='ltr'><strong>nunc</strong></span> <span class='ocrx_word' id='word_1_97' title='bbox 1683 1933 1798 1987; x_wconf 87' lang='lat' dir='ltr'><strong>&#39;uni</strong></span> <span class='ocrx_word' id='word_1_98' title='bbox 1839 1939 2052 1988; x_wconf 85' lang='lat' dir='ltr'><strong>tantum</strong></span> 
     </span>
     <span class='ocr_line' id='line_1_17' title="bbox 555 2011 1172 2076; baseline -0.002 -13"><span class='ocrx_word' id='word_1_99' title='bbox 555 2011 865 2076; x_wconf 79' lang='lat' dir='ltr'><strong>conjuncta,</strong></span> <span class='ocrx_word' id='word_1_100' title='bbox 889 2012 943 2064; x_wconf 89' lang='lat' dir='ltr'><strong>d.</strong></span> <span class='ocrx_word' id='word_1_101' title='bbox 977 2016 1024 2075; x_wconf 77' lang='lat' dir='ltr'><strong>t,</strong></span> <span class='ocrx_word' id='word_1_102' title='bbox 1053 2025 1098 2064; x_wconf 90' lang='lat' dir='ltr'><strong>s.</strong></span> <span class='ocrx_word' id='word_1_103' title='bbox 1126 2014 1172 2062; x_wconf 76' lang='lat' dir='ltr'><strong>t.</strong></span> 
     </span>
    </p>

    <p class='ocr_par' dir='ltr' id='par_1_12' title="bbox 491 2084 2053 2304">
     <span class='ocr_line' id='line_1_18' title="bbox 491 2084 2051 2152; baseline 0 -14"><span class='ocrx_word' id='word_1_104' title='bbox 491 2087 808 2140; x_wconf 75' lang='lat' dir='ltr'><strong>Humanitas</strong></span> <span class='ocrx_word' id='word_1_105' title='bbox 827 2086 1022 2139; x_wconf 83' lang='lat' dir='ltr'><strong>christi</strong></span> <span class='ocrx_word' id='word_1_106' title='bbox 1048 2098 1159 2139; x_wconf 91' lang='lat' dir='ltr'><strong>non</strong></span> <span class='ocrx_word' id='word_1_107' title='bbox 1183 2087 1337 2152; x_wconf 89' lang='lat' dir='ltr'><strong>prius</strong></span> <span class='ocrx_word' id='word_1_108' title='bbox 1357 2085 1461 2138; x_wconf 80' lang='lat' dir='ltr'><strong>suit</strong></span> <span class='ocrx_word' id='word_1_109' title='bbox 1481 2086 1712 2152; x_wconf 80' lang='lat' dir='ltr'><strong>praevisa</strong></span> <span class='ocrx_word' id='word_1_110' title='bbox 1735 2092 1796 2140; x_wconf 90' lang='lat' dir='ltr'><strong>ut</strong></span> <span class='ocrx_word' id='word_1_111' title='bbox 1813 2084 2051 2139; x_wconf 74' lang='lat' dir='ltr'><strong>existens</strong></span> 
     </span>
     <span class='ocr_line' id='line_1_19' title="bbox 556 2162 2053 2229; baseline 0 -15"><span class='ocrx_word' id='word_1_112' title='bbox 556 2163 612 2215; x_wconf 90' lang='lat' dir='ltr'><strong>in</strong></span> <span class='ocrx_word' id='word_1_113' title='bbox 651 2175 768 2216; x_wconf 83' lang='lat' dir='ltr'><strong>esse</strong></span> <span class='ocrx_word' id='word_1_114' title='bbox 808 2168 1014 2216; x_wconf 63' lang='lat' dir='ltr'><strong>naturas</strong></span> <span class='ocrx_word' id='word_1_115' title='bbox 1039 2204 1051 2227; x_wconf 94' lang='lat'><strong>,</strong></span> <span class='ocrx_word' id='word_1_116' title='bbox 1081 2175 1246 2228; x_wconf 85' lang='lat' dir='ltr'><strong>quam</strong></span> <span class='ocrx_word' id='word_1_117' title='bbox 1279 2162 1658 2229; x_wconf 81' lang='lat' dir='ltr'><strong>praedestinata</strong></span> <span class='ocrx_word' id='word_1_118' title='bbox 1685 2163 1754 2216; x_wconf 91' lang='lat' dir='ltr'><strong>ad</strong></span> <span class='ocrx_word' id='word_1_119' title='bbox 1785 2163 2053 2217; x_wconf 89' lang='lat' dir='ltr'><strong>unionem</strong></span> 
     </span>
     <span class='ocr_line' id='line_1_20' title="bbox 553 2238 1306 2304; baseline 0.004 -14"><span class='ocrx_word' id='word_1_120' title='bbox 553 2238 962 2304; x_wconf 77' lang='lat' dir='ltr'><strong>hypostaticam,</strong></span> <span class='ocrx_word' id='word_1_121' title='bbox 993 2238 1051 2300; x_wconf 85' lang='lat' dir='ltr'><strong>d,</strong></span> <span class='ocrx_word' id='word_1_122' title='bbox 1077 2245 1126 2302; x_wconf 71' lang='lat' dir='ltr'><strong>ts,</strong></span> <span class='ocrx_word' id='word_1_123' title='bbox 1151 2251 1195 2289; x_wconf 91' lang='lat' dir='ltr'><strong>s.</strong></span> <span class='ocrx_word' id='word_1_124' title='bbox 1221 2243 1269 2290; x_wconf 84' lang='grc'><strong>1.</strong></span> <span class='ocrx_word' id='word_1_125' title='bbox 1300 2288 1306 2293; x_wconf 80' lang='grc'><strong>.</strong></span> 
     </span>
    </p>

    <p class='ocr_par' dir='ltr' id='par_1_13' title="bbox 489 2313 2054 2521">
     <span class='ocr_line' id='line_1_21' title="bbox 489 2313 2054 2381; baseline -0.002 -11"><span class='ocrx_word' id='word_1_126' title='bbox 489 2315 808 2370; x_wconf 75' lang='lat' dir='ltr'><strong>Humanitas</strong></span> <span class='ocrx_word' id='word_1_127' title='bbox 853 2321 906 2368; x_wconf 89' lang='lat' dir='ltr'><strong>et</strong></span> <span class='ocrx_word' id='word_1_128' title='bbox 949 2315 1070 2379; x_wconf 80' lang='lat' dir='ltr'><strong>ejus</strong></span> <span class='ocrx_word' id='word_1_129' title='bbox 1109 2313 1454 2368; x_wconf 79' lang='lat' dir='ltr'><strong>subsistentia</strong></span> <span class='ocrx_word' id='word_1_130' title='bbox 1487 2313 1628 2367; x_wconf 84' lang='lat' dir='ltr'><strong>flunt</strong></span> <span class='ocrx_word' id='word_1_131' title='bbox 1674 2328 1770 2381; x_wconf 92' lang='lat' dir='ltr'><strong>per</strong></span> <span class='ocrx_word' id='word_1_132' title='bbox 1811 2315 2054 2368; x_wconf 88' lang='lat' dir='ltr'><strong>actiones</strong></span> 
     </span>
     <span class='ocr_line' id='line_1_22' title="bbox 553 2389 2050 2458; baseline -0.002 -15"><span class='ocrx_word' id='word_1_133' title='bbox 553 2389 740 2456; x_wconf 86' lang='lat' dir='ltr'><strong>aliquo</strong></span> <span class='ocrx_word' id='word_1_134' title='bbox 769 2389 932 2443; x_wconf 84' lang='lat' dir='ltr'><strong>modo</strong></span> <span class='ocrx_word' id='word_1_135' title='bbox 963 2390 1020 2442; x_wconf 90' lang='lat' dir='ltr'><strong>in</strong></span> <span class='ocrx_word' id='word_1_136' title='bbox 1054 2393 1114 2443; x_wconf 68' lang='lat' dir='ltr'><strong>re·</strong></span> <span class='ocrx_word' id='word_1_137' title='bbox 1145 2389 1429 2443; x_wconf 83' lang='lat' dir='ltr'><strong>distinctas</strong></span> <span class='ocrx_word' id='word_1_138' title='bbox 1453 2395 1506 2444; x_wconf 89' lang='lat' dir='ltr'><strong>et</strong></span> <span class='ocrx_word' id='word_1_139' title='bbox 1531 2389 1880 2458; x_wconf 76' lang='lat' dir='ltr'><strong>separabiles,</strong></span> <span class='ocrx_word' id='word_1_140' title='bbox 1909 2391 1965 2443; x_wconf 89' lang='lat' dir='ltr'><strong>d.</strong></span> <span class='ocrx_word' id='word_1_141' title='bbox 2002 2394 2050 2454; x_wconf 82' lang='lat'><strong>8,</strong></span> 
     </span>
     <span class='ocr_line' id='line_1_23' title="bbox 555 2472 683 2521; baseline 0 -1"><span class='ocrx_word' id='word_1_142' title='bbox 555 2482 598 2520; x_wconf 89' lang='lat' dir='ltr'><strong>s.</strong></span> <span class='ocrx_word' id='word_1_143' title='bbox 636 2472 683 2521; x_wconf 83' lang='lat'><strong>1.</strong></span> 
     </span>
    </p>

    <p class='ocr_par' dir='ltr' id='par_1_14' title="bbox 489 2542 2053 2688">
     <span class='ocr_line' id='line_1_24' title="bbox 489 2542 2053 2606; baseline 0 -10"><span class='ocrx_word' id='word_1_144' title='bbox 489 2543 806 2598; x_wconf 76' lang='lat' dir='ltr'><strong>Humanitas</strong></span> <span class='ocrx_word' id='word_1_145' title='bbox 856 2542 1052 2597; x_wconf 81' lang='lat' dir='ltr'><strong>Christi</strong></span> <span class='ocrx_word' id='word_1_146' title='bbox 1107 2543 1362 2596; x_wconf 86' lang='lat' dir='ltr'><strong>distincta</strong></span> <span class='ocrx_word' id='word_1_147' title='bbox 1411 2542 1626 2597; x_wconf 89' lang='lat' dir='ltr'><strong>actione</strong></span> <span class='ocrx_word' id='word_1_148' title='bbox 1667 2543 1951 2606; x_wconf 82' lang='lat' dir='ltr'><strong>formatur,</strong></span> <span class='ocrx_word' id='word_1_149' title='bbox 2000 2549 2053 2596; x_wconf 88' lang='lat' dir='ltr'><strong>et</strong></span> 
     </span>
     <span class='ocr_line' id='line_1_25' title="bbox 550 2621 1164 2688; baseline 0.007 -16"><span class='ocrx_word' id='word_1_150' title='bbox 550 2621 726 2674; x_wconf 82' lang='lat' dir='ltr'><strong>Verbo</strong></span> <span class='ocrx_word' id='word_1_151' title='bbox 753 2621 1056 2688; x_wconf 88' lang='lat' dir='ltr'><strong>copulatur,</strong></span> <span class='ocrx_word' id='word_1_152' title='bbox 1089 2621 1164 2676; x_wconf 87' lang='lat' dir='ltr'><strong>ib.</strong></span> 
     </span>
    </p>

    <p class='ocr_par' dir='ltr' id='par_1_15' title="bbox 489 2695 2052 2900">
     <span class='ocr_line' id='line_1_26' title="bbox 489 2695 2052 2764; baseline 0 -15"><span class='ocrx_word' id='word_1_153' title='bbox 489 2695 847 2750; x_wconf 83' lang='lat' dir='ltr'><strong>Humanitatis</strong></span> <span class='ocrx_word' id='word_1_154' title='bbox 867 2695 1062 2750; x_wconf 85' lang='lat' dir='ltr'><strong>christi</strong></span> <span class='ocrx_word' id='word_1_155' title='bbox 1085 2697 1368 2763; x_wconf 75' lang='lat' dir='ltr'><strong>conceptio</strong></span> <span class='ocrx_word' id='word_1_156' title='bbox 1388 2695 1570 2764; x_wconf 85' lang='lat' dir='ltr'><strong>quoad</strong></span> <span class='ocrx_word' id='word_1_157' title='bbox 1589 2697 1814 2750; x_wconf 89' lang='lat' dir='ltr'><strong>modum</strong></span> <span class='ocrx_word' id='word_1_158' title='bbox 1831 2696 1936 2750; x_wconf 85' lang='lat' dir='ltr'><strong>t&#39;uit</strong></span> <span class='ocrx_word' id='word_1_159' title='bbox 1955 2709 2052 2749; x_wconf 86' lang='lat' dir='ltr'><strong>su-</strong></span> 
     </span>
     <span class='ocr_line' id='line_1_27' title="bbox 554 2771 2049 2839; baseline -0.002 -13"><span class='ocrx_word' id='word_1_160' title='bbox 554 2773 936 2839; x_wconf 88' lang='lat' dir='ltr'><strong>pernaturalis,</strong></span> <span class='ocrx_word' id='word_1_161' title='bbox 979 2773 1161 2839; x_wconf 88' lang='lat' dir='ltr'><strong>quoad</strong></span> <span class='ocrx_word' id='word_1_162' title='bbox 1204 2771 1559 2826; x_wconf 82' lang='lat' dir='ltr'><strong>substantiam</strong></span> <span class='ocrx_word' id='word_1_163' title='bbox 1597 2784 1726 2826; x_wconf 75' lang='lat' dir='ltr'><strong>vero</strong></span> <span class='ocrx_word' id='word_1_164' title='bbox 1766 2771 2049 2834; x_wconf 90' lang='lat' dir='ltr'><strong>naturalis,</strong></span> 
     </span>
     <span class='ocr_line' id='line_1_28' title="bbox 557 2848 632 2900; baseline 0 0"><span class='ocrx_word' id='word_1_165' title='bbox 557 2848 632 2900; x_wconf 91' lang='lat' dir='ltr'><strong>ib.</strong></span> 
     </span>
    </p>

    <p class='ocr_par' dir='ltr' id='par_1_16' title="bbox 489 2919 2047 2991">
     <span class='ocr_line' id='line_1_29' title="bbox 489 2919 2047 2991; baseline -0.003 -14"><span class='ocrx_word' id='word_1_166' title='bbox 489 2923 630 2977; x_wconf 83' lang='lat' dir='ltr'><strong>Unio</strong></span> <span class='ocrx_word' id='word_1_167' title='bbox 658 2929 836 2977; x_wconf 90' lang='lat' dir='ltr'><strong>autem</strong></span> <span class='ocrx_word' id='word_1_168' title='bbox 869 2923 941 2977; x_wconf 89' lang='lat' dir='ltr'><strong>ad</strong></span> <span class='ocrx_word' id='word_1_169' title='bbox 977 2922 1214 2976; x_wconf 80' lang='lat' dir='ltr'><strong>Verbum</strong></span> <span class='ocrx_word' id='word_1_170' title='bbox 1241 2925 1470 2978; x_wconf 90' lang='lat' dir='ltr'><strong>omnino</strong></span> <span class='ocrx_word' id='word_1_171' title='bbox 1493 2921 1940 2991; x_wconf 85' lang='lat' dir='ltr'><strong>supernaturalis,</strong></span> <span class='ocrx_word' id='word_1_172' title='bbox 1972 2919 2047 2974; x_wconf 93' lang='lat' dir='ltr'><strong>ib.</strong></span> 
     </span>
    </p>

    <p class='ocr_par' dir='ltr' id='par_1_17' title="bbox 487 2997 2051 3139">
     <span class='ocr_line' id='line_1_30' title="bbox 487 2997 2051 3066; baseline -0.001 -15"><span class='ocrx_word' id='word_1_173' title='bbox 487 2997 804 3052; x_wconf 81' lang='lat' dir='ltr'><strong>Humanitas</strong></span> <span class='ocrx_word' id='word_1_174' title='bbox 835 2998 1030 3052; x_wconf 86' lang='lat' dir='ltr'><strong>Christi</strong></span> <span class='ocrx_word' id='word_1_175' title='bbox 1066 2999 1220 3066; x_wconf 87' lang='lat' dir='ltr'><strong>prius</strong></span> <span class='ocrx_word' id='word_1_176' title='bbox 1257 3005 1450 3054; x_wconf 89' lang='lat' dir='ltr'><strong>natura</strong></span> <span class='ocrx_word' id='word_1_177' title='bbox 1481 2999 1662 3053; x_wconf 86' lang='lat' dir='ltr'><strong>existit</strong></span> <span class='ocrx_word' id='word_1_178' title='bbox 1693 3011 1858 3066; x_wconf 79' lang='lat' dir='ltr'><strong>quam</strong></span> <span class='ocrx_word' id='word_1_179' title='bbox 1894 3011 2051 3051; x_wconf 88' lang='lat' dir='ltr'><strong>assu-</strong></span> 
     </span>
     <span class='ocr_line' id='line_1_31' title="bbox 551 3073 1106 3139; baseline -0.002 -13"><span class='ocrx_word' id='word_1_180' title='bbox 551 3079 730 3128; x_wconf 82' lang='lat' dir='ltr'><strong>matur</strong></span> <span class='ocrx_word' id='word_1_181' title='bbox 757 3074 1002 3139; x_wconf 72' lang='lat' dir='ltr'><strong>aVerbo,</strong></span> <span class='ocrx_word' id='word_1_182' title='bbox 1029 3073 1106 3126; x_wconf 86' lang='lat' dir='ltr'><strong>ib.</strong></span> 
     </span>
    </p>

    <p class='ocr_par' dir='ltr' id='par_1_18' title="bbox 488 3149 2057 3294">
     <span class='ocr_line' id='line_1_32' title="bbox 488 3149 2057 3214; baseline 0.001 -11"><span class='ocrx_word' id='word_1_183' title='bbox 488 3149 804 3204; x_wconf 79' lang='lat' dir='ltr'><strong>Humanitas</strong></span> <span class='ocrx_word' id='word_1_184' title='bbox 823 3149 1022 3204; x_wconf 85' lang='lat' dir='ltr'><strong>christi</strong></span> <span class='ocrx_word' id='word_1_185' title='bbox 1057 3151 1104 3204; x_wconf 87' lang='lat' dir='ltr'><strong>si</strong></span> <span class='ocrx_word' id='word_1_186' title='bbox 1140 3149 1504 3206; x_wconf 87' lang='lat' dir='ltr'><strong>dimitteretur</strong></span> <span class='ocrx_word' id='word_1_187' title='bbox 1535 3165 1567 3204; x_wconf 89' lang='lat' dir='ltr'><strong>a</strong></span> <span class='ocrx_word' id='word_1_188' title='bbox 1595 3151 1789 3214; x_wconf 76' lang='lat' dir='ltr'><strong>Verbo,</strong></span> <span class='ocrx_word' id='word_1_189' title='bbox 1821 3161 1932 3204; x_wconf 90' lang='lat' dir='ltr'><strong>non</strong></span> <span class='ocrx_word' id='word_1_190' title='bbox 1960 3151 2057 3204; x_wconf 71' lang='lat' dir='ltr'><strong>de.</strong></span> 
     </span>
     <span class='ocr_line' id='line_1_33' title="bbox 547 3225 2047 3294; baseline 0 -17"><span class='ocrx_word' id='word_1_191' title='bbox 547 3226 751 3279; x_wconf 87' lang='lat' dir='ltr'><strong>sineret</strong></span> <span class='ocrx_word' id='word_1_192' title='bbox 771 3237 890 3280; x_wconf 87' lang='lat' dir='ltr'><strong>esse</strong></span> <span class='ocrx_word' id='word_1_193' title='bbox 905 3226 1248 3294; x_wconf 83' lang='lat' dir='ltr'><strong>simpliciter,</strong></span> <span class='ocrx_word' id='word_1_194' title='bbox 1272 3227 1368 3282; x_wconf 87' lang='lat' dir='ltr'><strong>sed</strong></span> <span class='ocrx_word' id='word_1_195' title='bbox 1387 3227 1702 3281; x_wconf 78' lang='lat' dir='ltr'><strong>subsisteret</strong></span> <span class='ocrx_word' id='word_1_196' title='bbox 1723 3226 1780 3278; x_wconf 90' lang='lat' dir='ltr'><strong>in</strong></span> <span class='ocrx_word' id='word_1_197' title='bbox 1806 3225 2047 3293; x_wconf 88' lang='lat' dir='ltr'><strong>propria,</strong></span> 
     </span>
    </p>

    <p class='ocr_par' dir='ltr' id='par_1_19' title="bbox 512 3301 627 3354">
     <span class='ocr_line' id='line_1_34' title="bbox 512 3301 627 3354; baseline -0.009 -1"><span class='ocrx_word' id='word_1_198' title='bbox 512 3326 520 3334; x_wconf 90' lang='lat'><strong>·</strong></span> <span class='ocrx_word' id='word_1_199' title='bbox 551 3301 627 3354; x_wconf 87' lang='lat' dir='ltr'><strong>ib.</strong></span> 
     </span>
    </p>

    <p class='ocr_par' dir='ltr' id='par_1_20' title="bbox 482 3377 2049 3516">
     <span class='ocr_line' id='line_1_35' title="bbox 482 3377 2049 3443; baseline 0.001 -14"><span class='ocrx_word' id='word_1_200' title='bbox 482 3377 797 3432; x_wconf 86' lang='lat' dir='ltr'><strong>Humanitas</strong></span> <span class='ocrx_word' id='word_1_201' title='bbox 839 3391 951 3433; x_wconf 89' lang='lat' dir='ltr'><strong>non</strong></span> <span class='ocrx_word' id='word_1_202' title='bbox 997 3381 1223 3435; x_wconf 82' lang='lat' dir='ltr'><strong>advenit</strong></span> <span class='ocrx_word' id='word_1_203' title='bbox 1260 3379 1437 3432; x_wconf 77' lang='lat' dir='ltr'><strong>Verbo</strong></span> <span class='ocrx_word' id='word_1_204' title='bbox 1484 3377 1912 3443; x_wconf 88' lang='lat' dir='ltr'><strong>accidentaliter,</strong></span> <span class='ocrx_word' id='word_1_205' title='bbox 1945 3389 2049 3430; x_wconf 87' lang='lat' dir='ltr'><strong>nee</strong></span> 
     </span>
     <span class='ocr_line' id='line_1_36' title="bbox 543 3452 1898 3516; baseline 0.001 -11"><span class='ocrx_word' id='word_1_206' title='bbox 543 3452 777 3508; x_wconf 82' lang='lat' dir='ltr'><strong>Verbum</strong></span> <span class='ocrx_word' id='word_1_207' title='bbox 811 3455 1134 3510; x_wconf 86' lang='lat' dir='ltr'><strong>humanitati</strong></span> <span class='ocrx_word' id='word_1_208' title='bbox 1160 3455 1268 3510; x_wconf 89' lang='lat' dir='ltr'><strong>nisi</strong></span> <span class='ocrx_word' id='word_1_209' title='bbox 1298 3453 1744 3516; x_wconf 84' lang='lat' dir='ltr'><strong>substantialiter,</strong></span> <span class='ocrx_word' id='word_1_210' title='bbox 1779 3467 1823 3506; x_wconf 84' lang='lat' dir='ltr'><strong>s,</strong></span> <span class='ocrx_word' id='word_1_211' title='bbox 1849 3460 1898 3506; x_wconf 74' lang='grc'><strong>3.</strong></span> 
     </span>
    </p>

    <p class='ocr_par' dir='ltr' id='par_1_21' title="bbox 483 3529 2046 3672">
     <span class='ocr_line' id='line_1_37' title="bbox 483 3529 2046 3598; baseline 0 -17"><span class='ocrx_word' id='word_1_212' title='bbox 483 3529 799 3583; x_wconf 83' lang='lat' dir='ltr'><strong>Humanitas</strong></span> <span class='ocrx_word' id='word_1_213' title='bbox 830 3536 911 3584; x_wconf 85' lang='lat' dir='ltr'><strong>est</strong></span> <span class='ocrx_word' id='word_1_214' title='bbox 935 3532 1240 3598; x_wconf 81' lang='lat' dir='ltr'><strong>subjectum</strong></span> <span class='ocrx_word' id='word_1_215' title='bbox 1279 3536 1334 3584; x_wconf 88' lang='lat' dir='ltr'><strong>et</strong></span> <span class='ocrx_word' id='word_1_216' title='bbox 1371 3541 1482 3583; x_wconf 90' lang='lat' dir='ltr'><strong>non</strong></span> <span class='ocrx_word' id='word_1_217' title='bbox 1513 3529 1932 3584; x_wconf 85' lang='lat' dir='ltr'><strong>fundamentum</strong></span> <span class='ocrx_word' id='word_1_218' title='bbox 1958 3541 2046 3581; x_wconf 89' lang='lat' dir='ltr'><strong>rc-</strong></span> 
     </span>
     <span class='ocr_line' id='line_1_38' title="bbox 547 3605 1278 3672; baseline 0.005 -16"><span class='ocrx_word' id='word_1_219' title='bbox 547 3605 766 3659; x_wconf 80' lang='lat' dir='ltr'><strong>lationis</strong></span> <span class='ocrx_word' id='word_1_220' title='bbox 791 3607 863 3660; x_wconf 88' lang='lat' dir='ltr'><strong>ad</strong></span> <span class='ocrx_word' id='word_1_221' title='bbox 881 3608 1137 3672; x_wconf 84' lang='lat' dir='ltr'><strong>Verbum,</strong></span> <span class='ocrx_word' id='word_1_222' title='bbox 1159 3623 1186 3662; x_wconf 90' lang='lat' dir='ltr'><strong>s</strong></span> <span class='ocrx_word' id='word_1_223' title='bbox 1229 3613 1278 3660; x_wconf 86' lang='grc'><strong>3.</strong></span> 
     </span>
    </p>

    <p class='ocr_par' dir='ltr' id='par_1_22' title="bbox 485 3681 2047 3828">
     <span class='ocr_line' id='line_1_39' title="bbox 485 3681 2047 3750; baseline 0 -16"><span class='ocrx_word' id='word_1_224' title='bbox 485 3683 544 3734; x_wconf 91' lang='lat' dir='ltr'><strong>ln</strong></span> <span class='ocrx_word' id='word_1_225' title='bbox 583 3681 916 3737; x_wconf 86' lang='lat' dir='ltr'><strong>humanitate</strong></span> <span class='ocrx_word' id='word_1_226' title='bbox 952 3685 1148 3738; x_wconf 84' lang='lat' dir='ltr'><strong>Christi</strong></span> <span class='ocrx_word' id='word_1_227' title='bbox 1191 3683 1296 3738; x_wconf 81' lang='lat' dir='ltr'><strong>suit</strong></span> <span class='ocrx_word' id='word_1_228' title='bbox 1332 3684 1518 3750; x_wconf 85' lang='lat' dir='ltr'><strong>aliqua</strong></span> <span class='ocrx_word' id='word_1_229' title='bbox 1550 3683 1835 3736; x_wconf 85' lang='lat' dir='ltr'><strong>existentia</strong></span> <span class='ocrx_word' id='word_1_230' title='bbox 1869 3688 2047 3734; x_wconf 88' lang='lat' dir='ltr'><strong>crea-ta</strong></span> 
     </span>
     <span class='ocr_line' id='line_1_40' title="bbox 545 3753 1566 3828; baseline -0.001 -17"><span class='ocrx_word' id='word_1_231' title='bbox 545 3758 934 3826; x_wconf 76' lang='lat' dir='ltr'><strong>substantialiS,</strong></span> <span class='ocrx_word' id='word_1_232' title='bbox 960 3761 1056 3815; x_wconf 87' lang='lat' dir='ltr'><strong>sed</strong></span> <span class='ocrx_word' id='word_1_233' title='bbox 1079 3753 1423 3828; x_wconf 82' lang='lat' dir='ltr'><strong>incompleta,</strong></span> <span class='ocrx_word' id='word_1_234' title='bbox 1448 3773 1492 3812; x_wconf 81' lang='lat' dir='ltr'><strong>s,</strong></span> <span class='ocrx_word' id='word_1_235' title='bbox 1521 3764 1566 3811; x_wconf 76' lang='lat' dir='ltr'><strong>t.</strong></span> 
     </span>
    </p>

    <p class='ocr_par' dir='ltr' id='par_1_23' title="bbox 484 3835 2049 3979">
     <span class='ocr_line' id='line_1_41' title="bbox 484 3835 2049 3904; baseline 0.003 -18"><span class='ocrx_word' id='word_1_236' title='bbox 484 3835 798 3890; x_wconf 88' lang='lat' dir='ltr'><strong>Humanitas</strong></span> <span class='ocrx_word' id='word_1_237' title='bbox 819 3850 852 3891; x_wconf 86' lang='lat' dir='ltr'><strong>a</strong></span> <span class='ocrx_word' id='word_1_238' title='bbox 883 3837 1059 3892; x_wconf 85' lang='lat' dir='ltr'><strong>Verbo</strong></span> <span class='ocrx_word' id='word_1_239' title='bbox 1087 3837 1360 3904; x_wconf 84' lang='lat' dir='ltr'><strong>dependet</strong></span> <span class='ocrx_word' id='word_1_240' title='bbox 1393 3837 1448 3889; x_wconf 90' lang='lat' dir='ltr'><strong>in</strong></span> <span class='ocrx_word' id='word_1_241' title='bbox 1483 3835 1859 3902; x_wconf 88' lang='lat' dir='ltr'><strong>subsistendo,</strong></span> <span class='ocrx_word' id='word_1_242' title='bbox 1905 3848 2049 3902; x_wconf 86' lang='lat' dir='ltr'><strong>quo-</strong></span> 
     </span>
     <span class='ocr_line' id='line_1_42' title="bbox 545 3911 2046 3979; baseline -0.001 -16"><span class='ocrx_word' id='word_1_243' title='bbox 545 3912 711 3964; x_wconf 88' lang='lat' dir='ltr'><strong>modo</strong></span> <span class='ocrx_word' id='word_1_244' title='bbox 745 3924 856 3964; x_wconf 89' lang='lat' dir='ltr'><strong>non</strong></span> <span class='ocrx_word' id='word_1_245' title='bbox 898 3913 1101 3979; x_wconf 80' lang='lat' dir='ltr'><strong>pendet</strong></span> <span class='ocrx_word' id='word_1_246' title='bbox 1126 3926 1158 3964; x_wconf 88' lang='lat' dir='ltr'><strong>a</strong></span> <span class='ocrx_word' id='word_1_247' title='bbox 1179 3914 1332 3966; x_wconf 83' lang='lat' dir='ltr'><strong>Patre</strong></span> <span class='ocrx_word' id='word_1_248' title='bbox 1365 3913 1450 3966; x_wconf 84' lang='lat' dir='ltr'><strong>vel</strong></span> <span class='ocrx_word' id='word_1_249' title='bbox 1483 3911 1688 3979; x_wconf 87' lang='lat' dir='ltr'><strong>Spiritu</strong></span> <span class='ocrx_word' id='word_1_250' title='bbox 1724 3911 1938 3975; x_wconf 82' lang='lat' dir='ltr'><strong>saneto,</strong></span> <span class='ocrx_word' id='word_1_251' title='bbox 1970 3911 2046 3964; x_wconf 86' lang='lat' dir='ltr'><strong>ib.</strong></span> 
     </span>
    </p>

    <p class='ocr_par' dir='ltr' id='par_1_24' title="bbox 483 3985 2045 4050">
     <span class='ocr_line' id='line_1_43' title="bbox 483 3985 2045 4050; baseline 0.001 -12"><span class='ocrx_word' id='word_1_252' title='bbox 483 3985 801 4040; x_wconf 85' lang='lat' dir='ltr'><strong>Humanitas</strong></span> <span class='ocrx_word' id='word_1_253' title='bbox 842 3999 954 4041; x_wconf 89' lang='lat' dir='ltr'><strong>non</strong></span> <span class='ocrx_word' id='word_1_254' title='bbox 990 3995 1178 4043; x_wconf 89' lang='lat' dir='ltr'><strong>manet</strong></span> <span class='ocrx_word' id='word_1_255' title='bbox 1205 3987 1475 4042; x_wconf 79' lang='lat' dir='ltr'><strong>violenter</strong></span> <span class='ocrx_word' id='word_1_256' title='bbox 1514 3987 1572 4039; x_wconf 85' lang='lat' dir='ltr'><strong>in</strong></span> <span class='ocrx_word' id='word_1_257' title='bbox 1610 3985 1812 4050; x_wconf 84' lang='lat' dir='ltr'><strong>Verbo,</strong></span> <span class='ocrx_word' id='word_1_258' title='bbox 1845 3995 1897 4040; x_wconf 87' lang='lat' dir='ltr'><strong>et</strong></span> <span class='ocrx_word' id='word_1_259' title='bbox 1929 3999 2045 4050; x_wconf 91' lang='lat' dir='ltr'><strong>eur,</strong></span> 
     </span>
    </p>

    <p class='ocr_par' dir='ltr' id='par_1_25' title="bbox 483 4137 2050 4282">
     <span class='ocr_line' id='line_1_44' title="bbox 483 4137 2050 4205; baseline 0.002 -17"><span class='ocrx_word' id='word_1_260' title='bbox 483 4137 799 4192; x_wconf 85' lang='lat' dir='ltr'><strong>Humanitas</strong></span> <span class='ocrx_word' id='word_1_261' title='bbox 835 4139 1030 4194; x_wconf 87' lang='lat' dir='ltr'><strong>christi</strong></span> <span class='ocrx_word' id='word_1_262' title='bbox 1073 4141 1236 4194; x_wconf 88' lang='lat' dir='ltr'><strong>habet</strong></span> <span class='ocrx_word' id='word_1_263' title='bbox 1267 4140 1570 4193; x_wconf 80' lang='lat' dir='ltr'><strong>naturalem</strong></span> <span class='ocrx_word' id='word_1_264' title='bbox 1598 4137 1949 4205; x_wconf 79' lang='lat' dir='ltr'><strong>capacitatem</strong></span> <span class='ocrx_word' id='word_1_265' title='bbox 1980 4139 2050 4191; x_wconf 86' lang='lat' dir='ltr'><strong>ad</strong></span> 
     </span>
     <span class='ocr_line' id='line_1_45' title="bbox 544 4215 1970 4282; baseline 0.001 -15"><span class='ocrx_word' id='word_1_266' title='bbox 544 4215 820 4282; x_wconf 85' lang='lat' dir='ltr'><strong>propriam</strong></span> <span class='ocrx_word' id='word_1_267' title='bbox 849 4215 1276 4279; x_wconf 87' lang='lat' dir='ltr'><strong>subsistentiam,</strong></span> <span class='ocrx_word' id='word_1_268' title='bbox 1296 4215 1392 4268; x_wconf 88' lang='lat' dir='ltr'><strong>sed</strong></span> <span class='ocrx_word' id='word_1_269' title='bbox 1417 4227 1529 4268; x_wconf 88' lang='lat' dir='ltr'><strong>non</strong></span> <span class='ocrx_word' id='word_1_270' title='bbox 1551 4215 1870 4282; x_wconf 88' lang='lat' dir='ltr'><strong>appetitum,</strong></span> <span class='ocrx_word' id='word_1_271' title='bbox 1895 4215 1970 4268; x_wconf 87' lang='lat' dir='ltr'><strong>ih.</strong></span> 
     </span>
    </p>

    <p class='ocr_par' dir='ltr' id='par_1_26' title="bbox 482 4289 1610 4357">
     <span class='ocr_line' id='line_1_46' title="bbox 482 4289 1610 4357; baseline 0.002 -16"><span class='ocrx_word' id='word_1_272' title='bbox 482 4289 798 4344; x_wconf 87' lang='lat' dir='ltr'><strong>Humanitas</strong></span> <span class='ocrx_word' id='word_1_273' title='bbox 829 4293 1105 4357; x_wconf 81' lang='lat' dir='ltr'><strong>quomodo</strong></span> <span class='ocrx_word' id='word_1_274' title='bbox 1131 4292 1203 4346; x_wconf 90' lang='lat' dir='ltr'><strong>sit</strong></span> <span class='ocrx_word' id='word_1_275' title='bbox 1231 4293 1290 4345; x_wconf 90' lang='lat' dir='ltr'><strong>in</strong></span> <span class='ocrx_word' id='word_1_276' title='bbox 1313 4293 1509 4356; x_wconf 75' lang='lat' dir='ltr'><strong>Verbo,</strong></span> <span class='ocrx_word' id='word_1_277' title='bbox 1530 4291 1610 4344; x_wconf 88' lang='lat' dir='ltr'><strong>ib.</strong></span> 
     </span>
    </p>

    <p class='ocr_par' dir='ltr' id='par_1_27' title="bbox 482 4364 2049 4511">
     <span class='ocr_line' id='line_1_47' title="bbox 482 4364 2049 4434; baseline 0.003 -17"><span class='ocrx_word' id='word_1_278' title='bbox 482 4364 808 4420; x_wconf 85' lang='lat' dir='ltr'><strong>Humanitati</strong></span> <span class='ocrx_word' id='word_1_279' title='bbox 864 4367 1074 4422; x_wconf 89' lang='lat' dir='ltr'><strong>ratione</strong></span> <span class='ocrx_word' id='word_1_280' title='bbox 1119 4368 1344 4422; x_wconf 89' lang='lat' dir='ltr'><strong>unionis</strong></span> <span class='ocrx_word' id='word_1_281' title='bbox 1379 4369 1610 4423; x_wconf 89' lang='lat' dir='ltr'><strong>debetur</strong></span> <span class='ocrx_word' id='word_1_282' title='bbox 1651 4369 1828 4434; x_wconf 85' lang='lat' dir='ltr'><strong>major</strong></span> <span class='ocrx_word' id='word_1_283' title='bbox 1871 4369 2049 4422; x_wconf 89' lang='lat' dir='ltr'><strong>honor</strong></span> 
     </span>
     <span class='ocr_line' id='line_1_48' title="bbox 542 4442 1774 4511; baseline 0.004 -19"><span class='ocrx_word' id='word_1_284' title='bbox 542 4453 707 4506; x_wconf 85' lang='lat' dir='ltr'><strong>quam</strong></span> <span class='ocrx_word' id='word_1_285' title='bbox 741 4442 965 4494; x_wconf 84' lang='lat' dir='ltr'><strong>cuilibet</strong></span> <span class='ocrx_word' id='word_1_286' title='bbox 987 4455 1232 4511; x_wconf 72' lang='lat' dir='ltr'><strong>personas</strong></span> <span class='ocrx_word' id='word_1_287' title='bbox 1255 4449 1464 4508; x_wconf 83' lang='lat' dir='ltr'><strong>creatae,</strong></span> <span class='ocrx_word' id='word_1_288' title='bbox 1491 4445 1545 4498; x_wconf 93' lang='lat' dir='ltr'><strong>d.</strong></span> <span class='ocrx_word' id='word_1_289' title='bbox 1579 4449 1628 4508; x_wconf 78' lang='grc'><strong>9,</strong></span> <span class='ocrx_word' id='word_1_290' title='bbox 1659 4459 1706 4497; x_wconf 89' lang='lat' dir='ltr'><strong>s.</strong></span> <span class='ocrx_word' id='word_1_291' title='bbox 1727 4449 1774 4497; x_wconf 76' lang='lat'><strong>2.</strong></span> 
     </span>
    </p>

    <p class='ocr_par' dir='ltr' id='par_1_28' title="bbox 481 4515 2045 4662">
     <span class='ocr_line' id='line_1_49' title="bbox 481 4515 2045 4587; baseline 0.006 -22"><span class='ocrx_word' id='word_1_292' title='bbox 481 4515 797 4569; x_wconf 87' lang='lat' dir='ltr'><strong>Humanitas</strong></span> <span class='ocrx_word' id='word_1_293' title='bbox 823 4517 1016 4571; x_wconf 87' lang='lat' dir='ltr'><strong>christi</strong></span> <span class='ocrx_word' id='word_1_294' title='bbox 1039 4532 1104 4572; x_wconf 86' lang='lat' dir='ltr'><strong>ex</strong></span> <span class='ocrx_word' id='word_1_295' title='bbox 1129 4520 1182 4571; x_wconf 84' lang='lat' dir='ltr'><strong>vi</strong></span> <span class='ocrx_word' id='word_1_296' title='bbox 1205 4533 1318 4572; x_wconf 82' lang='lat' dir='ltr'><strong>suoe</strong></span> <span class='ocrx_word' id='word_1_297' title='bbox 1339 4519 1714 4587; x_wconf 85' lang='lat' dir='ltr'><strong>productionis</strong></span> <span class='ocrx_word' id='word_1_298' title='bbox 1735 4531 1849 4573; x_wconf 90' lang='lat' dir='ltr'><strong>non</strong></span> <span class='ocrx_word' id='word_1_299' title='bbox 1881 4521 2045 4574; x_wconf 89' lang='lat' dir='ltr'><strong>habet</strong></span> 
     </span>
     <span class='ocr_line' id='line_1_50' title="bbox 541 4593 1756 4662; baseline 0.004 -18"><span class='ocrx_word' id='word_1_300' title='bbox 541 4593 768 4658; x_wconf 82' lang='lat' dir='ltr'><strong>gratiam</strong></span> <span class='ocrx_word' id='word_1_301' title='bbox 805 4594 1031 4648; x_wconf 89' lang='lat' dir='ltr'><strong>unionis</strong></span> <span class='ocrx_word' id='word_1_302' title='bbox 1065 4596 1172 4649; x_wconf 89' lang='lat' dir='ltr'><strong>nisi</strong></span> <span class='ocrx_word' id='word_1_303' title='bbox 1199 4598 1646 4662; x_wconf 87' lang='lat' dir='ltr'><strong>concomitanter,</strong></span> <span class='ocrx_word' id='word_1_304' title='bbox 1683 4597 1756 4649; x_wconf 89' lang='lat' dir='ltr'><strong>ib.</strong></span> 
     </span>
    </p>

    <p class='ocr_par' dir='ltr' id='par_1_29' title="bbox 479 4668 2041 4891">
     <span class='ocr_line' id='line_1_51' title="bbox 479 4668 2041 4736; baseline 0.003 -17"><span class='ocrx_word' id='word_1_305' title='bbox 479 4668 794 4722; x_wconf 82' lang='lat' dir='ltr'><strong>Humanitas</strong></span> <span class='ocrx_word' id='word_1_306' title='bbox 819 4669 1036 4736; x_wconf 81' lang='lat' dir='ltr'><strong>Christi,</strong></span> <span class='ocrx_word' id='word_1_307' title='bbox 1069 4671 1154 4725; x_wconf 88' lang='lat' dir='ltr'><strong>vel</strong></span> <span class='ocrx_word' id='word_1_308' title='bbox 1183 4671 1369 4724; x_wconf 90' lang='lat' dir='ltr'><strong>anima</strong></span> <span class='ocrx_word' id='word_1_309' title='bbox 1397 4685 1510 4725; x_wconf 88' lang='lat' dir='ltr'><strong>non</strong></span> <span class='ocrx_word' id='word_1_310' title='bbox 1541 4672 1759 4734; x_wconf 87' lang='lat' dir='ltr'><strong>meruit,</strong></span> <span class='ocrx_word' id='word_1_311' title='bbox 1791 4684 1894 4725; x_wconf 90' lang='lat' dir='ltr'><strong>nec</strong></span> <span class='ocrx_word' id='word_1_312' title='bbox 1921 4683 2041 4724; x_wconf 89' lang='lat' dir='ltr'><strong>me-</strong></span> 
     </span>
     <span class='ocr_line' id='line_1_52' title="bbox 544 4747 2039 4816; baseline 0.003 -19"><span class='ocrx_word' id='word_1_313' title='bbox 544 4747 649 4798; x_wconf 87' lang='lat' dir='ltr'><strong>reri</strong></span> <span class='ocrx_word' id='word_1_314' title='bbox 673 4747 846 4812; x_wconf 89' lang='lat' dir='ltr'><strong>potuit</strong></span> <span class='ocrx_word' id='word_1_315' title='bbox 861 4747 1182 4801; x_wconf 87' lang='lat' dir='ltr'><strong>electionem</strong></span> <span class='ocrx_word' id='word_1_316' title='bbox 1205 4763 1358 4802; x_wconf 87' lang='lat' dir='ltr'><strong>suam</strong></span> <span class='ocrx_word' id='word_1_317' title='bbox 1387 4762 1484 4804; x_wconf 91' lang='lat' dir='ltr'><strong>seu</strong></span> <span class='ocrx_word' id='word_1_318' title='bbox 1507 4749 2039 4816; x_wconf 81' lang='lat' dir='ltr'><strong>praedestinationem</strong></span> 
     </span>
     <span class='ocr_line' id='line_1_53' title="bbox 541 4821 1666 4891; baseline 0.003 -17"><span class='ocrx_word' id='word_1_319' title='bbox 541 4823 610 4874; x_wconf 89' lang='lat' dir='ltr'><strong>ad</strong></span> <span class='ocrx_word' id='word_1_320' title='bbox 640 4821 902 4875; x_wconf 90' lang='lat' dir='ltr'><strong>unionem</strong></span> <span class='ocrx_word' id='word_1_321' title='bbox 933 4823 1339 4891; x_wconf 77' lang='lat' dir='ltr'><strong>hypostaticam,</strong></span> <span class='ocrx_word' id='word_1_322' title='bbox 1363 4825 1418 4876; x_wconf 89' lang='lat' dir='ltr'><strong>d.</strong></span> <span class='ocrx_word' id='word_1_323' title='bbox 1444 4829 1525 4889; x_wconf 80' lang='lat'><strong>1⁰,</strong></span> <span class='ocrx_word' id='word_1_324' title='bbox 1551 4839 1596 4878; x_wconf 90' lang='lat' dir='ltr'><strong>s.</strong></span> <span class='ocrx_word' id='word_1_325' title='bbox 1622 4831 1666 4877; x_wconf 80' lang='grc'><strong>3.</strong></span> 
     </span>
    </p>

    <p class='ocr_par' dir='ltr' id='par_1_30' title="bbox 480 4897 1788 4968">
     <span class='ocr_line' id='line_1_54' title="bbox 480 4897 1788 4968; baseline 0.002 -20"><span class='ocrx_word' id='word_1_326' title='bbox 480 4897 795 4950; x_wconf 87' lang='lat' dir='ltr'><strong>Humanitas</strong></span> <span class='ocrx_word' id='word_1_327' title='bbox 825 4899 1016 4952; x_wconf 84' lang='lat' dir='ltr'><strong>christi</strong></span> <span class='ocrx_word' id='word_1_328' title='bbox 1047 4911 1160 4953; x_wconf 88' lang='lat' dir='ltr'><strong>non</strong></span> <span class='ocrx_word' id='word_1_329' title='bbox 1183 4905 1266 4952; x_wconf 90' lang='lat' dir='ltr'><strong>est</strong></span> <span class='ocrx_word' id='word_1_330' title='bbox 1290 4912 1459 4968; x_wconf 83' lang='lat' dir='ltr'><strong>capax</strong></span> <span class='ocrx_word' id='word_1_331' title='bbox 1487 4901 1686 4964; x_wconf 87' lang='lat' dir='ltr'><strong>meriti,</strong></span> <span class='ocrx_word' id='word_1_332' title='bbox 1715 4901 1788 4954; x_wconf 90' lang='lat' dir='ltr'><strong>ib.</strong></span> 
     </span>
    </p>

    <p class='ocr_par' dir='ltr' id='par_1_31' title="bbox 478 4971 2041 5120">
     <span class='ocr_line' id='line_1_55' title="bbox 478 4971 2041 5031; baseline 0.004 -7"><span class='ocrx_word' id='word_1_333' title='bbox 478 4973 794 5026; x_wconf 86' lang='lat' dir='ltr'><strong>Humanitas</strong></span> <span class='ocrx_word' id='word_1_334' title='bbox 825 4974 1018 5028; x_wconf 83' lang='lat' dir='ltr'><strong>Christi</strong></span> <span class='ocrx_word' id='word_1_335' title='bbox 1054 4971 1149 5029; x_wconf 87' lang='lat' dir='ltr'><strong>seu</strong></span> <span class='ocrx_word' id='word_1_336' title='bbox 1179 4976 1364 5029; x_wconf 88' lang='lat' dir='ltr'><strong>anima</strong></span> <span class='ocrx_word' id='word_1_337' title='bbox 1393 4989 1504 5031; x_wconf 90' lang='lat' dir='ltr'><strong>non</strong></span> <span class='ocrx_word' id='word_1_338' title='bbox 1534 4977 1734 5030; x_wconf 85' lang='lat' dir='ltr'><strong>meruit</strong></span> <span class='ocrx_word' id='word_1_339' title='bbox 1763 4991 1917 5030; x_wconf 87' lang='lat' dir='ltr'><strong>suam</strong></span> <span class='ocrx_word' id='word_1_340' title='bbox 1952 4989 2041 5030; x_wconf 84' lang='lat' dir='ltr'><strong>as-</strong></span> 
     </span>
     <span class='ocr_line' id='line_1_56' title="bbox 537 5050 1880 5120; baseline 0.002 -19"><span class='ocrx_word' id='word_1_341' title='bbox 537 5050 925 5118; x_wconf 85' lang='lat' dir='ltr'><strong>sumptionem,</strong></span> <span class='ocrx_word' id='word_1_342' title='bbox 953 5051 1116 5104; x_wconf 87' lang='lat' dir='ltr'><strong>etiam</strong></span> <span class='ocrx_word' id='word_1_343' title='bbox 1141 5052 1212 5106; x_wconf 85' lang='lat' dir='ltr'><strong>de</strong></span> <span class='ocrx_word' id='word_1_344' title='bbox 1245 5053 1486 5120; x_wconf 89' lang='lat' dir='ltr'><strong>potentia</strong></span> <span class='ocrx_word' id='word_1_345' title='bbox 1515 5053 1782 5118; x_wconf 88' lang='lat' dir='ltr'><strong>absoluta,</strong></span> <span class='ocrx_word' id='word_1_346' title='bbox 1807 5053 1880 5106; x_wconf 93' lang='lat' dir='ltr'><strong>ib.</strong></span> 
     </span>
    </p>

    <p class='ocr_par' dir='ltr' id='par_1_32' title="bbox 478 5125 2043 5329">
     <span class='ocr_line' id='line_1_57' title="bbox 478 5125 2043 5194; baseline 0.004 -18"><span class='ocrx_word' id='word_1_347' title='bbox 478 5125 793 5179; x_wconf 75' lang='lat' dir='ltr'><strong>Humanitas</strong></span> <span class='ocrx_word' id='word_1_348' title='bbox 823 5125 1019 5180; x_wconf 81' lang='lat' dir='ltr'><strong>christi</strong></span> <span class='ocrx_word' id='word_1_349' title='bbox 1065 5127 1219 5194; x_wconf 87' lang='lat' dir='ltr'><strong>prius</strong></span> <span class='ocrx_word' id='word_1_350' title='bbox 1245 5134 1440 5182; x_wconf 87' lang='lat' dir='ltr'><strong>natura</strong></span> <span class='ocrx_word' id='word_1_351' title='bbox 1475 5140 1641 5194; x_wconf 79' lang='lat' dir='ltr'><strong>quam</strong></span> <span class='ocrx_word' id='word_1_352' title='bbox 1674 5131 1981 5183; x_wconf 81' lang='lat' dir='ltr'><strong>a’ssumatur</strong></span> <span class='ocrx_word' id='word_1_353' title='bbox 2010 5142 2043 5182; x_wconf 89' lang='lat' dir='ltr'><strong>a</strong></span> 
     </span>
     <span class='ocr_line' id='line_1_58' title="bbox 540 5201 2038 5272; baseline 0.003 -20"><span class='ocrx_word' id='word_1_354' title='bbox 540 5201 732 5266; x_wconf 83' lang='lat' dir='ltr'><strong>Verbo,</strong></span> <span class='ocrx_word' id='word_1_355' title='bbox 761 5201 998 5267; x_wconf 85' lang='lat' dir='ltr'><strong>qualiter</strong></span> <span class='ocrx_word' id='word_1_356' title='bbox 1027 5201 1138 5256; x_wconf 90' lang='lat' dir='ltr'><strong>dici</strong></span> <span class='ocrx_word' id='word_1_357' title='bbox 1159 5205 1338 5270; x_wconf 87' lang='lat' dir='ltr'><strong>possit</strong></span> <span class='ocrx_word' id='word_1_358' title='bbox 1369 5218 1468 5272; x_wconf 89' lang='lat' dir='ltr'><strong>per</strong></span> <span class='ocrx_word' id='word_1_359' title='bbox 1491 5217 1550 5258; x_wconf 86' lang='lat' dir='ltr'><strong>se</strong></span> <span class='ocrx_word' id='word_1_360' title='bbox 1582 5206 1836 5271; x_wconf 87' lang='lat' dir='ltr'><strong>existens,</strong></span> <span class='ocrx_word' id='word_1_361' title='bbox 1866 5205 1921 5259; x_wconf 85' lang='lat' dir='ltr'><strong>d.</strong></span> <span class='ocrx_word' id='word_1_362' title='bbox 1960 5208 2038 5270; x_wconf 76' lang='lat' dir='ltr'><strong>tt,</strong></span> 
     </span>
     <span class='ocr_line' id='line_1_59' title="bbox 541 5281 660 5329; baseline 0.008 -1"><span class='ocrx_word' id='word_1_363' title='bbox 541 5289 582 5328; x_wconf 78' lang='lat' dir='ltr'><strong>a.</strong></span> <span class='ocrx_word' id='word_1_364' title='bbox 611 5281 660 5329; x_wconf 78' lang='grc'><strong>3.</strong></span> 
     </span>
    </p>

    <p class='ocr_par' dir='ltr' id='par_1_33' title="bbox 479 5352 2041 5428">
     <span class='ocr_line' id='line_1_60' title="bbox 479 5352 2041 5428; baseline 0.005 -24"><span class='ocrx_word' id='word_1_365' title='bbox 479 5352 794 5406; x_wconf 87' lang='lat' dir='ltr'><strong>Humanitas</strong></span> <span class='ocrx_word' id='word_1_366' title='bbox 833 5359 1026 5408; x_wconf 88' lang='lat' dir='ltr'><strong>natura</strong></span> <span class='ocrx_word' id='word_1_367' title='bbox 1067 5370 1166 5410; x_wconf 89' lang='lat' dir='ltr'><strong>sua</strong></span> <span class='ocrx_word' id='word_1_368' title='bbox 1209 5369 1320 5412; x_wconf 90' lang='lat' dir='ltr'><strong>non</strong></span> <span class='ocrx_word' id='word_1_369' title='bbox 1360 5365 1440 5412; x_wconf 89' lang='lat' dir='ltr'><strong>est</strong></span> <span class='ocrx_word' id='word_1_370' title='bbox 1478 5371 1648 5428; x_wconf 83' lang='lat' dir='ltr'><strong>capax</strong></span> <span class='ocrx_word' id='word_1_371' title='bbox 1677 5357 2041 5414; x_wconf 81' lang='lat' dir='ltr'><strong>subsistentiae</strong></span> 
     </span>
    </p>
   </div>
   <div class='ocr_carea' id='block_1_8' title="bbox 539 5429 2040 5568">
    <p class='ocr_par' dir='ltr' id='par_1_34' title="bbox 539 5429 2040 5568">
     <span class='ocr_line' id='line_1_61' title="bbox 539 5429 2040 5506; baseline 0.005 -25"><span class='ocrx_word' id='word_1_372' title='bbox 539 5429 1031 5496; x_wconf 79' lang='lat' dir='ltr'><strong>communicabilis,</strong></span> <span class='ocrx_word' id='word_1_373' title='bbox 1061 5433 1202 5486; x_wconf 88' lang='lat' dir='ltr'><strong>bene</strong></span> <span class='ocrx_word' id='word_1_374' title='bbox 1231 5439 1409 5488; x_wconf 86' lang='lat' dir='ltr'><strong>tamen</strong></span> <span class='ocrx_word' id='word_1_375' title='bbox 1443 5447 1542 5503; x_wconf 88' lang='lat' dir='ltr'><strong>per</strong></span> <span class='ocrx_word' id='word_1_376' title='bbox 1575 5434 1871 5506; x_wconf 87' lang='lat' dir='ltr'><strong>potentiam</strong></span> <span class='ocrx_word' id='word_1_377' title='bbox 1906 5434 2040 5489; x_wconf 87' lang='lat' dir='ltr'><strong>obe-</strong></span> 
     </span>
     <span class='ocr_line' id='line_1_62' title="bbox 541 5502 1209 5568; baseline 0.006 -8"><span class='ocrx_word' id='word_1_378' title='bbox 541 5502 876 5566; x_wconf 80' lang='lat' dir='ltr'><strong>dientialem,</strong></span> <span class='ocrx_word' id='word_1_379' title='bbox 908 5505 961 5559; x_wconf 84' lang='lat' dir='ltr'><strong>d.</strong></span> <span class='ocrx_word' id='word_1_380' title='bbox 986 5511 1068 5568; x_wconf 80' lang='lat' dir='ltr'><strong>ts,</strong></span> <span class='ocrx_word' id='word_1_381' title='bbox 1091 5523 1134 5560; x_wconf 86' lang='lat' dir='ltr'><strong>s.</strong></span> <span class='ocrx_word' id='word_1_382' title='bbox 1162 5513 1209 5564; x_wconf 73' lang='grc' dir='ltr'><strong>Ξ.</strong></span> 
     </span>
    </p>
   </div>
   <div class='ocr_carea' id='block_1_9' title="bbox 2121 407 3722 5570">
    <p class='ocr_par' dir='ltr' id='par_1_35' title="bbox 2133 407 3713 627">
     <span class='ocr_line' id='line_1_63' title="bbox 2133 407 3709 476; baseline 0.002 -16"><span class='ocrx_word' id='word_1_383' title='bbox 2133 408 2378 462; x_wconf 87' lang='lat' dir='ltr'><strong>Humana</strong></span> <span class='ocrx_word' id='word_1_384' title='bbox 2410 409 2606 462; x_wconf 85' lang='lat' dir='ltr'><strong>natura·</strong></span> <span class='ocrx_word' id='word_1_385' title='bbox 2630 407 2931 464; x_wconf 83' lang='lat' dir='ltr'><strong>secundum</strong></span> <span class='ocrx_word' id='word_1_386' title='bbox 2957 408 3276 476; x_wconf 77' lang='lat' dir='ltr'><strong>dignitatem</strong></span> <span class='ocrx_word' id='word_1_387' title='bbox 3309 413 3364 465; x_wconf 91' lang='lat' dir='ltr'><strong>et</strong></span> <span class='ocrx_word' id='word_1_388' title='bbox 3396 409 3709 465; x_wconf 75' lang='lat' dir='ltr'><strong>secundum</strong></span> 
     </span>
     <span class='ocr_line' id='line_1_64' title="bbox 2198 485 3713 556; baseline 0.003 -18"><span class='ocrx_word' id='word_1_389' title='bbox 2198 485 2567 540; x_wconf 89' lang='lat' dir='ltr'><strong>necessitatem</strong></span> <span class='ocrx_word' id='word_1_390' title='bbox 2604 486 2709 541; x_wconf 84' lang='lat' dir='ltr'><strong>suit</strong></span> <span class='ocrx_word' id='word_1_391' title='bbox 2738 499 2771 538; x_wconf 90' lang='lat' dir='ltr'><strong>a</strong></span> <span class='ocrx_word' id='word_1_392' title='bbox 2802 488 2976 542; x_wconf 79' lang='lat' dir='ltr'><strong>Verbo</strong></span> <span class='ocrx_word' id='word_1_393' title='bbox 3016 489 3251 542; x_wconf 85' lang='lat' dir='ltr'><strong>maxime</strong></span> <span class='ocrx_word' id='word_1_394' title='bbox 3284 487 3713 556; x_wconf 55' lang='lat' dir='ltr'><strong>assumptibus,</strong></span> 
     </span>
     <span class='ocr_line' id='line_1_65' title="bbox 2196 562 2502 627; baseline 0 -12"><span class='ocrx_word' id='word_1_395' title='bbox 2196 562 2251 615; x_wconf 83' lang='lat' dir='ltr'><strong>d.</strong></span> <span class='ocrx_word' id='word_1_396' title='bbox 2276 567 2355 627; x_wconf 81' lang='grc'><strong>13,</strong></span> <span class='ocrx_word' id='word_1_397' title='bbox 2381 577 2424 616; x_wconf 90' lang='lat' dir='ltr'><strong>S.</strong></span> <span class='ocrx_word' id='word_1_398' title='bbox 2455 567 2502 615; x_wconf 78' lang='lat' dir='ltr'><strong>t.</strong></span> 
     </span>
    </p>

    <p class='ocr_par' dir='ltr' id='par_1_36' title="bbox 2136 638 3715 780">
     <span class='ocr_line' id='line_1_66' title="bbox 2136 638 3715 708; baseline 0.003 -17"><span class='ocrx_word' id='word_1_399' title='bbox 2136 638 2452 692; x_wconf 87' lang='lat' dir='ltr'><strong>Humanitas</strong></span> <span class='ocrx_word' id='word_1_400' title='bbox 2475 640 2548 693; x_wconf 91' lang='lat' dir='ltr'><strong>ita</strong></span> <span class='ocrx_word' id='word_1_401' title='bbox 2570 638 2745 693; x_wconf 80' lang='lat' dir='ltr'><strong>Verbo</strong></span> <span class='ocrx_word' id='word_1_402' title='bbox 2768 639 2923 694; x_wconf 90' lang='lat' dir='ltr'><strong>unita</strong></span> <span class='ocrx_word' id='word_1_403' title='bbox 2944 645 3041 702; x_wconf 89' lang='lat' dir='ltr'><strong>est,</strong></span> <span class='ocrx_word' id='word_1_404' title='bbox 3062 646 3121 693; x_wconf 93' lang='lat' dir='ltr'><strong>ut</strong></span> <span class='ocrx_word' id='word_1_405' title='bbox 3141 640 3497 708; x_wconf 87' lang='lat' dir='ltr'><strong>ubicumque</strong></span> <span class='ocrx_word' id='word_1_406' title='bbox 3523 640 3619 704; x_wconf 85' lang='lat' dir='ltr'><strong>sit,</strong></span> <span class='ocrx_word' id='word_1_407' title='bbox 3644 641 3715 696; x_wconf 89' lang='lat' dir='ltr'><strong>illi</strong></span> 
     </span>
     <span class='ocr_line' id='line_1_67' title="bbox 2200 715 2572 780; baseline 0.003 -12"><span class='ocrx_word' id='word_1_408' title='bbox 2200 715 2355 768; x_wconf 87' lang='lat' dir='ltr'><strong>unita</strong></span> <span class='ocrx_word' id='word_1_409' title='bbox 2383 715 2469 780; x_wconf 89' lang='lat' dir='ltr'><strong>sit,</strong></span> <span class='ocrx_word' id='word_1_410' title='bbox 2496 716 2572 769; x_wconf 87' lang='lat' dir='ltr'><strong>ib.</strong></span> 
     </span>
    </p>

    <p class='ocr_par' dir='ltr' id='par_1_37' title="bbox 2140 789 3722 1082">
     <span class='ocr_line' id='line_1_68' title="bbox 2140 789 3722 859; baseline 0.003 -17"><span class='ocrx_word' id='word_1_411' title='bbox 2140 789 2457 844; x_wconf 87' lang='lat' dir='ltr'><strong>Humanitas</strong></span> <span class='ocrx_word' id='word_1_412' title='bbox 2478 791 2533 844; x_wconf 92' lang='lat' dir='ltr'><strong>in</strong></span> <span class='ocrx_word' id='word_1_413' title='bbox 2565 792 2781 845; x_wconf 90' lang='lat' dir='ltr'><strong>duobus</strong></span> <span class='ocrx_word' id='word_1_414' title='bbox 2796 790 2935 844; x_wconf 90' lang='lat' dir='ltr'><strong>locis</strong></span> <span class='ocrx_word' id='word_1_415' title='bbox 2960 791 3197 844; x_wconf 81' lang='lat' dir='ltr'><strong>existens</strong></span> <span class='ocrx_word' id='word_1_416' title='bbox 3220 792 3373 859; x_wconf 84' lang='lat' dir='ltr'><strong>quod</strong></span> <span class='ocrx_word' id='word_1_417' title='bbox 3400 793 3467 844; x_wconf 88' lang='lat' dir='ltr'><strong>in</strong></span> <span class='ocrx_word' id='word_1_418' title='bbox 3498 805 3617 845; x_wconf 91' lang='lat' dir='ltr'><strong>uno</strong></span> <span class='ocrx_word' id='word_1_419' title='bbox 3634 793 3722 846; x_wconf 86' lang='lat' dir='ltr'><strong>ha·</strong></span> 
     </span>
     <span class='ocr_line' id='line_1_69' title="bbox 2202 865 3718 934; baseline 0.003 -17"><span class='ocrx_word' id='word_1_420' title='bbox 2202 865 2327 918; x_wconf 89' lang='lat' dir='ltr'><strong>beat</strong></span> <span class='ocrx_word' id='word_1_421' title='bbox 2358 867 2795 933; x_wconf 85' lang='lat' dir='ltr'><strong>personalitatem</strong></span> <span class='ocrx_word' id='word_1_422' title='bbox 2829 866 3124 934; x_wconf 87' lang='lat' dir='ltr'><strong>propriam,</strong></span> <span class='ocrx_word' id='word_1_423' title='bbox 3152 872 3207 921; x_wconf 91' lang='lat' dir='ltr'><strong>et</strong></span> <span class='ocrx_word' id='word_1_424' title='bbox 3239 867 3300 919; x_wconf 89' lang='lat' dir='ltr'><strong>in</strong></span> <span class='ocrx_word' id='word_1_425' title='bbox 3340 868 3465 921; x_wconf 86' lang='lat' dir='ltr'><strong>alio</strong></span> <span class='ocrx_word' id='word_1_426' title='bbox 3500 867 3599 920; x_wconf 83' lang='lat' dir='ltr'><strong>illa</strong></span> <span class='ocrx_word' id='word_1_427' title='bbox 3632 881 3718 922; x_wconf 84' lang='lat' dir='ltr'><strong>ea-</strong></span> 
     </span>
     <span class='ocr_line' id='line_1_70' title="bbox 2206 943 3489 1011; baseline 0.002 -18"><span class='ocrx_word' id='word_1_428' title='bbox 2206 947 2336 1004; x_wconf 86' lang='lat' dir='ltr'><strong>reat,</strong></span> <span class='ocrx_word' id='word_1_429' title='bbox 2362 948 2415 995; x_wconf 87' lang='lat' dir='ltr'><strong>et</strong></span> <span class='ocrx_word' id='word_1_430' title='bbox 2441 943 2630 996; x_wconf 85' lang='lat' dir='ltr'><strong>existat</strong></span> <span class='ocrx_word' id='word_1_431' title='bbox 2660 943 2717 996; x_wconf 91' lang='lat' dir='ltr'><strong>in</strong></span> <span class='ocrx_word' id='word_1_432' title='bbox 2744 943 2937 1006; x_wconf 82' lang='lat' dir='ltr'><strong>Verbo,</strong></span> <span class='ocrx_word' id='word_1_433' title='bbox 2964 955 3075 996; x_wconf 88' lang='lat' dir='ltr'><strong>non</strong></span> <span class='ocrx_word' id='word_1_434' title='bbox 3106 943 3371 1011; x_wconf 88' lang='lat' dir='ltr'><strong>implicat,</strong></span> <span class='ocrx_word' id='word_1_435' title='bbox 3404 943 3489 996; x_wconf 87' lang='lat' dir='ltr'><strong>ib.</strong></span> 
     </span>
     <span class='ocr_line' id='line_1_71' title="bbox 2205 1017 2937 1082; baseline 0.003 -12"><span class='ocrx_word' id='word_1_436' title='bbox 2205 1017 2370 1070; x_wconf 83' lang='lat' dir='ltr'><strong>secus</strong></span> <span class='ocrx_word' id='word_1_437' title='bbox 2390 1018 2447 1071; x_wconf 90' lang='lat' dir='ltr'><strong>in</strong></span> <span class='ocrx_word' id='word_1_438' title='bbox 2475 1019 2667 1072; x_wconf 87' lang='lat' dir='ltr'><strong>eodem</strong></span> <span class='ocrx_word' id='word_1_439' title='bbox 2701 1019 2838 1082; x_wconf 89' lang='lat' dir='ltr'><strong>loco,</strong></span> <span class='ocrx_word' id='word_1_440' title='bbox 2862 1019 2937 1073; x_wconf 90' lang='lat' dir='ltr'><strong>ib.</strong></span> 
     </span>
    </p>

    <p class='ocr_par' dir='ltr' id='par_1_38' title="bbox 2140 1093 3715 1236">
     <span class='ocr_line' id='line_1_72' title="bbox 2140 1093 3715 1162; baseline 0.003 -18"><span class='ocrx_word' id='word_1_441' title='bbox 2140 1093 2537 1148; x_wconf 87' lang='lat' dir='ltr'><strong>Humanitatem</strong></span> <span class='ocrx_word' id='word_1_442' title='bbox 2566 1094 2789 1150; x_wconf 87' lang='lat' dir='ltr'><strong>aliunde</strong></span> <span class='ocrx_word' id='word_1_443' title='bbox 2816 1108 2984 1162; x_wconf 85' lang='lat' dir='ltr'><strong>quam</strong></span> <span class='ocrx_word' id='word_1_444' title='bbox 3012 1107 3079 1148; x_wconf 82' lang='lat' dir='ltr'><strong>ex</strong></span> <span class='ocrx_word' id='word_1_445' title='bbox 3114 1096 3285 1162; x_wconf 83' lang='lat' dir='ltr'><strong>stirpe</strong></span> <span class='ocrx_word' id='word_1_446' title='bbox 3313 1095 3459 1150; x_wconf 75' lang='lat' dir='ltr'><strong>Adae</strong></span> <span class='ocrx_word' id='word_1_447' title='bbox 3490 1093 3715 1148; x_wconf 74' lang='lat' dir='ltr'><strong>Verbum</strong></span> 
     </span>
     <span class='ocr_line' id='line_1_73' title="bbox 2202 1170 3107 1236; baseline -0.001 -12"><span class='ocrx_word' id='word_1_448' title='bbox 2202 1170 2463 1236; x_wconf 87' lang='lat' dir='ltr'><strong>potuisset</strong></span> <span class='ocrx_word' id='word_1_449' title='bbox 2485 1185 2777 1232; x_wconf 89' lang='lat' dir='ltr'><strong>assumere,</strong></span> <span class='ocrx_word' id='word_1_450' title='bbox 2803 1172 2857 1225; x_wconf 89' lang='lat' dir='ltr'><strong>d.</strong></span> <span class='ocrx_word' id='word_1_451' title='bbox 2881 1176 2961 1236; x_wconf 73' lang='lat'><strong>1⁴,</strong></span> <span class='ocrx_word' id='word_1_452' title='bbox 2987 1185 3031 1225; x_wconf 90' lang='lat' dir='ltr'><strong>s.</strong></span> <span class='ocrx_word' id='word_1_453' title='bbox 3059 1177 3107 1223; x_wconf 75' lang='lat'><strong>2.</strong></span> 
     </span>
    </p>

    <p class='ocr_par' dir='ltr' id='par_1_39' title="bbox 2137 1245 3701 1390">
     <span class='ocr_line' id='line_1_74' title="bbox 2137 1245 3701 1315; baseline 0.004 -18"><span class='ocrx_word' id='word_1_454' title='bbox 2137 1245 2453 1302; x_wconf 86' lang='lat' dir='ltr'><strong>Humanitas</strong></span> <span class='ocrx_word' id='word_1_455' title='bbox 2479 1259 2513 1300; x_wconf 91' lang='lat' dir='ltr'><strong>a</strong></span> <span class='ocrx_word' id='word_1_456' title='bbox 2536 1247 2715 1302; x_wconf 75' lang='lat' dir='ltr'><strong>Verbo</strong></span> <span class='ocrx_word' id='word_1_457' title='bbox 2752 1254 3045 1315; x_wconf 88' lang='lat' dir='ltr'><strong>assumpta,</strong></span> <span class='ocrx_word' id='word_1_458' title='bbox 3077 1253 3157 1300; x_wconf 62' lang='lat' dir='ltr'><strong>cst</strong></span> <span class='ocrx_word' id='word_1_459' title='bbox 3198 1247 3395 1312; x_wconf 84' lang='lat' dir='ltr'><strong>unica,</strong></span> <span class='ocrx_word' id='word_1_460' title='bbox 3436 1245 3701 1303; x_wconf 73' lang='lat' dir='ltr'><strong>individua</strong></span> 
     </span>
     <span class='ocr_line' id='line_1_75' title="bbox 2199 1322 2920 1390; baseline 0.004 -16"><span class='ocrx_word' id='word_1_461' title='bbox 2199 1327 2253 1375; x_wconf 90' lang='lat' dir='ltr'><strong>et</strong></span> <span class='ocrx_word' id='word_1_462' title='bbox 2280 1322 2593 1390; x_wconf 81' lang='lat' dir='ltr'><strong>singularis,</strong></span> <span class='ocrx_word' id='word_1_463' title='bbox 2620 1324 2675 1378; x_wconf 91' lang='lat' dir='ltr'><strong>d.</strong></span> <span class='ocrx_word' id='word_1_464' title='bbox 2702 1329 2783 1390; x_wconf 77' lang='grc'><strong>15,</strong></span> <span class='ocrx_word' id='word_1_465' title='bbox 2806 1338 2849 1377; x_wconf 94' lang='lat' dir='ltr'><strong>S.</strong></span> <span class='ocrx_word' id='word_1_466' title='bbox 2872 1329 2920 1378; x_wconf 87' lang='grc'><strong>1.</strong></span> 
     </span>
    </p>

    <p class='ocr_par' dir='ltr' id='par_1_40' title="bbox 2134 1397 3706 1537">
     <span class='ocr_line' id='line_1_76' title="bbox 2134 1397 3706 1466; baseline 0 -16"><span class='ocrx_word' id='word_1_467' title='bbox 2134 1398 2451 1453; x_wconf 87' lang='lat' dir='ltr'><strong>Humanitas</strong></span> <span class='ocrx_word' id='word_1_468' title='bbox 2473 1401 2589 1454; x_wconf 79' lang='lat' dir='ltr'><strong>haee</strong></span> <span class='ocrx_word' id='word_1_469' title='bbox 2616 1413 2726 1455; x_wconf 90' lang='lat' dir='ltr'><strong>non</strong></span> <span class='ocrx_word' id='word_1_470' title='bbox 2754 1401 2823 1454; x_wconf 87' lang='lat' dir='ltr'><strong>de</strong></span> <span class='ocrx_word' id='word_1_471' title='bbox 2850 1411 2990 1456; x_wconf 82' lang='lat' dir='ltr'><strong>novo</strong></span> <span class='ocrx_word' id='word_1_472' title='bbox 3014 1403 3191 1454; x_wconf 87' lang='lat' dir='ltr'><strong>creata</strong></span> <span class='ocrx_word' id='word_1_473' title='bbox 3214 1405 3317 1465; x_wconf 85' lang='lat' dir='ltr'><strong>est,</strong></span> <span class='ocrx_word' id='word_1_474' title='bbox 3337 1397 3449 1452; x_wconf 81' lang='lat' dir='ltr'><strong>sed</strong></span> <span class='ocrx_word' id='word_1_475' title='bbox 3476 1409 3543 1450; x_wconf 88' lang='lat' dir='ltr'><strong>ex</strong></span> <span class='ocrx_word' id='word_1_476' title='bbox 3562 1399 3706 1466; x_wconf 75' lang='lat' dir='ltr'><strong>stirpe</strong></span> 
     </span>
     <span class='ocr_line' id='line_1_77' title="bbox 2198 1475 2726 1537; baseline 0.006 -10"><span class='ocrx_word' id='word_1_477' title='bbox 2198 1475 2325 1528; x_wconf 76' lang='lat' dir='ltr'><strong>Adae</strong></span> <span class='ocrx_word' id='word_1_478' title='bbox 2352 1487 2629 1537; x_wconf 86' lang='lat' dir='ltr'><strong>concessa,</strong></span> <span class='ocrx_word' id='word_1_479' title='bbox 2650 1478 2726 1531; x_wconf 87' lang='lat' dir='ltr'><strong>ib.</strong></span> 
     </span>
    </p>

    <p class='ocr_par' dir='ltr' id='par_1_41' title="bbox 2136 1551 3715 1695">
     <span class='ocr_line' id='line_1_78' title="bbox 2136 1551 3715 1620; baseline 0.001 -17"><span class='ocrx_word' id='word_1_480' title='bbox 2136 1551 2450 1606; x_wconf 88' lang='lat' dir='ltr'><strong>Humanitas</strong></span> <span class='ocrx_word' id='word_1_481' title='bbox 2476 1553 2672 1608; x_wconf 85' lang='lat' dir='ltr'><strong>Christi</strong></span> <span class='ocrx_word' id='word_1_482' title='bbox 2708 1565 2819 1607; x_wconf 90' lang='lat' dir='ltr'><strong>non</strong></span> <span class='ocrx_word' id='word_1_483' title='bbox 2850 1553 3003 1620; x_wconf 90' lang='lat' dir='ltr'><strong>prius</strong></span> <span class='ocrx_word' id='word_1_484' title='bbox 3034 1557 3277 1618; x_wconf 88' lang='lat' dir='ltr'><strong>tempore</strong></span> <span class='ocrx_word' id='word_1_485' title='bbox 3315 1551 3539 1615; x_wconf 84' lang='lat' dir='ltr'><strong>existit,</strong></span> <span class='ocrx_word' id='word_1_486' title='bbox 3566 1565 3715 1616; x_wconf 84' lang='lat' dir='ltr'><strong>quam</strong></span> 
     </span>
     <span class='ocr_line' id='line_1_79' title="bbox 2199 1628 2827 1695; baseline 0.002 -16"><span class='ocrx_word' id='word_1_487' title='bbox 2199 1628 2269 1681; x_wconf 88' lang='lat' dir='ltr'><strong>sit</strong></span> <span class='ocrx_word' id='word_1_488' title='bbox 2296 1629 2451 1682; x_wconf 90' lang='lat' dir='ltr'><strong>unita</strong></span> <span class='ocrx_word' id='word_1_489' title='bbox 2476 1630 2674 1695; x_wconf 85' lang='lat' dir='ltr'><strong>Verbo,</strong></span> <span class='ocrx_word' id='word_1_490' title='bbox 2704 1643 2747 1684; x_wconf 87' lang='lat' dir='ltr'><strong>s.</strong></span> <span class='ocrx_word' id='word_1_491' title='bbox 2780 1635 2827 1681; x_wconf 85' lang='lat'><strong>8.</strong></span> 
     </span>
    </p>

    <p class='ocr_par' dir='ltr' id='par_1_42' title="bbox 2138 1703 3721 1920">
     <span class='ocr_line' id='line_1_80' title="bbox 2138 1703 3719 1773; baseline 0.001 -19"><span class='ocrx_word' id='word_1_492' title='bbox 2138 1703 2453 1757; x_wconf 87' lang='lat' dir='ltr'><strong>Humanitas</strong></span> <span class='ocrx_word' id='word_1_493' title='bbox 2483 1713 2546 1760; x_wconf 89' lang='lat' dir='ltr'><strong>ut</strong></span> <span class='ocrx_word' id='word_1_494' title='bbox 2572 1712 2651 1760; x_wconf 91' lang='lat' dir='ltr'><strong>est</strong></span> <span class='ocrx_word' id='word_1_495' title='bbox 2677 1707 2928 1773; x_wconf 64' lang='lat' dir='ltr'><strong>quasdam</strong></span> <span class='ocrx_word' id='word_1_496' title='bbox 2959 1711 3151 1758; x_wconf 89' lang='lat' dir='ltr'><strong>natura</strong></span> <span class='ocrx_word' id='word_1_497' title='bbox 3185 1703 3409 1770; x_wconf 82' lang='lat' dir='ltr'><strong>integra</strong></span> <span class='ocrx_word' id='word_1_498' title='bbox 3440 1709 3501 1756; x_wconf 88' lang='lat' dir='ltr'><strong>et</strong></span> <span class='ocrx_word' id='word_1_499' title='bbox 3532 1703 3719 1766; x_wconf 84' lang='lat' dir='ltr'><strong>totalis,</strong></span> 
     </span>
     <span class='ocr_line' id='line_1_81' title="bbox 2196 1779 3721 1850; baseline 0 -17"><span class='ocrx_word' id='word_1_500' title='bbox 2196 1781 2589 1848; x_wconf 87' lang='lat' dir='ltr'><strong>assumptibilis</strong></span> <span class='ocrx_word' id='word_1_501' title='bbox 2603 1790 2681 1835; x_wconf 89' lang='lat' dir='ltr'><strong>est</strong></span> <span class='ocrx_word' id='word_1_502' title='bbox 2696 1783 2938 1850; x_wconf 89' lang='lat' dir='ltr'><strong>propria,</strong></span> <span class='ocrx_word' id='word_1_503' title='bbox 2950 1785 3004 1834; x_wconf 90' lang='lat' dir='ltr'><strong>et</strong></span> <span class='ocrx_word' id='word_1_504' title='bbox 3016 1779 3301 1846; x_wconf 72' lang='lat' dir='ltr'><strong>adaequata</strong></span> <span class='ocrx_word' id='word_1_505' title='bbox 3317 1779 3721 1846; x_wconf 86' lang='lat' dir='ltr'><strong>assumptione,</strong></span> 
     </span>
     <span class='ocr_line' id='line_1_82' title="bbox 2195 1857 2499 1920; baseline 0.007 -10"><span class='ocrx_word' id='word_1_506' title='bbox 2195 1857 2249 1910; x_wconf 88' lang='lat' dir='ltr'><strong>d.</strong></span> <span class='ocrx_word' id='word_1_507' title='bbox 2278 1860 2358 1920; x_wconf 80' lang='lat'><strong>17,</strong></span> <span class='ocrx_word' id='word_1_508' title='bbox 2381 1872 2424 1911; x_wconf 86' lang='lat' dir='ltr'><strong>S.</strong></span> <span class='ocrx_word' id='word_1_509' title='bbox 2452 1865 2499 1912; x_wconf 79' lang='lat'><strong>5.</strong></span> 
     </span>
    </p>

    <p class='ocr_par' dir='ltr' id='par_1_43' title="bbox 2132 1931 3722 2138">
     <span class='ocr_line' id='line_1_83' title="bbox 2132 1931 3722 1994; baseline -0.001 -9"><span class='ocrx_word' id='word_1_510' title='bbox 2132 1933 2531 1988; x_wconf 85' lang='lat' dir='ltr'><strong>Humanitatem</strong></span> <span class='ocrx_word' id='word_1_511' title='bbox 2569 1935 2762 1988; x_wconf 87' lang='lat' dir='ltr'><strong>Christi</strong></span> <span class='ocrx_word' id='word_1_512' title='bbox 2796 1937 3019 1989; x_wconf 88' lang='lat' dir='ltr'><strong>unctam</strong></span> <span class='ocrx_word' id='word_1_513' title='bbox 3064 1947 3183 1987; x_wconf 87' lang='lat' dir='ltr'><strong>esse</strong></span> <span class='ocrx_word' id='word_1_514' title='bbox 3215 1933 3545 1994; x_wconf 79' lang='lat' dir='ltr'><strong>divinitate,</strong></span> <span class='ocrx_word' id='word_1_515' title='bbox 3588 1931 3722 1986; x_wconf 84' lang='lat' dir='ltr'><strong>Scri·</strong></span> 
     </span>
     <span class='ocr_line' id='line_1_84' title="bbox 2196 2008 3720 2076; baseline 0 -14"><span class='ocrx_word' id='word_1_516' title='bbox 2196 2015 2369 2076; x_wconf 77' lang='lat' dir='ltr'><strong>pturae</strong></span> <span class='ocrx_word' id='word_1_517' title='bbox 2398 2021 2549 2064; x_wconf 89' lang='lat' dir='ltr'><strong>more</strong></span> <span class='ocrx_word' id='word_1_518' title='bbox 2576 2009 2723 2064; x_wconf 89' lang='lat' dir='ltr'><strong>idem</strong></span> <span class='ocrx_word' id='word_1_519' title='bbox 2752 2015 2833 2064; x_wconf 86' lang='lat' dir='ltr'><strong>est</strong></span> <span class='ocrx_word' id='word_1_520' title='bbox 2860 2023 2923 2063; x_wconf 92' lang='lat' dir='ltr'><strong>ae</strong></span> <span class='ocrx_word' id='word_1_521' title='bbox 2954 2023 3071 2064; x_wconf 87' lang='lat' dir='ltr'><strong>esse</strong></span> <span class='ocrx_word' id='word_1_522' title='bbox 3108 2009 3541 2072; x_wconf 74' lang='lat' dir='ltr'><strong>sanctificatam,</strong></span> <span class='ocrx_word' id='word_1_523' title='bbox 3569 2008 3720 2075; x_wconf 77' lang='grc'><strong>(1.18,</strong></span> 
     </span>
     <span class='ocr_line' id='line_1_85' title="bbox 2196 2085 2872 2138; baseline -0.001 0"><span class='ocrx_word' id='word_1_524' title='bbox 2196 2099 2241 2138; x_wconf 75' lang='lat' dir='ltr'><strong>s·</strong></span> <span class='ocrx_word' id='word_1_525' title='bbox 2273 2091 2322 2138; x_wconf 85' lang='grc'><strong>1.</strong></span> <span class='ocrx_word' id='word_1_526' title='bbox 2862 2085 2872 2094; x_wconf 87' lang='grc'><em>“</em></span> 
     </span>
    </p>

    <p class='ocr_par' dir='ltr' id='par_1_44' title="bbox 2132 2161 3717 2308">
     <span class='ocr_line' id='line_1_86' title="bbox 2132 2161 3717 2234; baseline 0.002 -21"><span class='ocrx_word' id='word_1_527' title='bbox 2132 2161 2449 2234; x_wconf 82' lang='lat' dir='ltr'><strong>Humanitas</strong></span> <span class='ocrx_word' id='word_1_528' title='bbox 2476 2175 2587 2216; x_wconf 90' lang='lat' dir='ltr'><strong>non</strong></span> <span class='ocrx_word' id='word_1_529' title='bbox 2616 2169 2791 2230; x_wconf 89' lang='lat' dir='ltr'><strong>potest</strong></span> <span class='ocrx_word' id='word_1_530' title='bbox 2824 2163 3027 2217; x_wconf 86' lang='lat' dir='ltr'><strong>assumi</strong></span> <span class='ocrx_word' id='word_1_531' title='bbox 3061 2163 3119 2217; x_wconf 90' lang='lat' dir='ltr'><strong>in</strong></span> <span class='ocrx_word' id='word_1_532' title='bbox 3156 2163 3315 2230; x_wconf 89' lang='lat' dir='ltr'><strong>puris</strong></span> <span class='ocrx_word' id='word_1_533' title='bbox 3345 2162 3717 2228; x_wconf 84' lang='lat' dir='ltr'><strong>naturalibus,</strong></span> 
     </span>
     <span class='ocr_line' id='line_1_87' title="bbox 2198 2237 3332 2308; baseline 0.002 -19"><span class='ocrx_word' id='word_1_534' title='bbox 2198 2237 2256 2291; x_wconf 90' lang='lat' dir='ltr'><strong>id</strong></span> <span class='ocrx_word' id='word_1_535' title='bbox 2280 2243 2361 2292; x_wconf 90' lang='lat' dir='ltr'><strong>est</strong></span> <span class='ocrx_word' id='word_1_536' title='bbox 2392 2251 2495 2292; x_wconf 89' lang='lat' dir='ltr'><strong>nee</strong></span> <span class='ocrx_word' id='word_1_537' title='bbox 2520 2245 2690 2305; x_wconf 77' lang='lat' dir='ltr'><strong>grata,</strong></span> <span class='ocrx_word' id='word_1_538' title='bbox 2718 2251 2821 2293; x_wconf 88' lang='lat' dir='ltr'><strong>nec</strong></span> <span class='ocrx_word' id='word_1_539' title='bbox 2854 2239 3065 2308; x_wconf 84' lang='lat' dir='ltr'><strong>ingrata</strong></span> <span class='ocrx_word' id='word_1_540' title='bbox 3095 2240 3222 2302; x_wconf 81' lang='lat' dir='ltr'><strong>beo,</strong></span> <span class='ocrx_word' id='word_1_541' title='bbox 3250 2239 3332 2292; x_wconf 92' lang='lat' dir='ltr'><strong>ib.</strong></span> 
     </span>
    </p>

    <p class='ocr_par' dir='ltr' id='par_1_45' title="bbox 2134 2312 3713 2458">
     <span class='ocr_line' id='line_1_88' title="bbox 2134 2312 3713 2369; baseline 0.001 -5"><span class='ocrx_word' id='word_1_542' title='bbox 2134 2312 2381 2367; x_wconf 88' lang='lat' dir='ltr'><strong>Humana</strong></span> <span class='ocrx_word' id='word_1_543' title='bbox 2414 2321 2609 2368; x_wconf 89' lang='lat' dir='ltr'><strong>natura</strong></span> <span class='ocrx_word' id='word_1_544' title='bbox 2635 2328 2667 2366; x_wconf 87' lang='lat' dir='ltr'><strong>a</strong></span> <span class='ocrx_word' id='word_1_545' title='bbox 2704 2313 2880 2369; x_wconf 77' lang='lat' dir='ltr'><strong>Verbo</strong></span> <span class='ocrx_word' id='word_1_546' title='bbox 2912 2314 3113 2368; x_wconf 89' lang='lat' dir='ltr'><strong>assumi</strong></span> <span class='ocrx_word' id='word_1_547' title='bbox 3157 2325 3267 2366; x_wconf 90' lang='lat' dir='ltr'><strong>non</strong></span> <span class='ocrx_word' id='word_1_548' title='bbox 3319 2314 3433 2368; x_wconf 88' lang='lat' dir='ltr'><strong>nisi</strong></span> <span class='ocrx_word' id='word_1_549' title='bbox 3484 2314 3545 2366; x_wconf 91' lang='lat' dir='ltr'><strong>in</strong></span> <span class='ocrx_word' id='word_1_550' title='bbox 3584 2317 3713 2366; x_wconf 86' lang='lat' dir='ltr'><strong>statu</strong></span> 
     </span>
     <span class='ocr_line' id='line_1_89' title="bbox 2198 2390 2829 2458; baseline 0.005 -16"><span class='ocrx_word' id='word_1_551' title='bbox 2198 2395 2407 2444; x_wconf 83' lang='lat' dir='ltr'><strong>naturae</strong></span> <span class='ocrx_word' id='word_1_552' title='bbox 2436 2390 2679 2458; x_wconf 67' lang='lat' dir='ltr'><strong>integras.</strong></span> <span class='ocrx_word' id='word_1_553' title='bbox 2704 2405 2748 2444; x_wconf 86' lang='lat' dir='ltr'><strong>s.</strong></span> <span class='ocrx_word' id='word_1_554' title='bbox 2780 2396 2829 2445; x_wconf 76' lang='grc'><strong>4.</strong></span> 
     </span>
    </p>

    <p class='ocr_par' dir='ltr' id='par_1_46' title="bbox 2132 2465 3709 2684">
     <span class='ocr_line' id='line_1_90' title="bbox 2132 2465 3709 2522; baseline 0.001 -4"><span class='ocrx_word' id='word_1_555' title='bbox 2132 2466 2452 2520; x_wconf 88' lang='lat' dir='ltr'><strong>Humanitas</strong></span> <span class='ocrx_word' id='word_1_556' title='bbox 2487 2468 2685 2522; x_wconf 83' lang='lat' dir='ltr'><strong>Christi</strong></span> <span class='ocrx_word' id='word_1_557' title='bbox 2724 2481 2789 2521; x_wconf 87' lang='lat' dir='ltr'><strong>ex</strong></span> <span class='ocrx_word' id='word_1_558' title='bbox 2818 2467 2875 2522; x_wconf 81' lang='lat' dir='ltr'><strong>vi</strong></span> <span class='ocrx_word' id='word_1_559' title='bbox 2908 2468 3081 2522; x_wconf 88' lang='lat' dir='ltr'><strong>solius</strong></span> <span class='ocrx_word' id='word_1_560' title='bbox 3104 2468 3339 2521; x_wconf 90' lang='lat' dir='ltr'><strong>unionis</strong></span> <span class='ocrx_word' id='word_1_561' title='bbox 3364 2467 3441 2520; x_wconf 85' lang='lat' dir='ltr'><strong>ad</strong></span> <span class='ocrx_word' id='word_1_562' title='bbox 3484 2465 3709 2520; x_wconf 73' lang='lat' dir='ltr'><strong>Verbum</strong></span> 
     </span>
     <span class='ocr_line' id='line_1_91' title="bbox 2198 2543 3703 2612; baseline 0.001 -18"><span class='ocrx_word' id='word_1_563' title='bbox 2198 2554 2311 2596; x_wconf 89' lang='lat' dir='ltr'><strong>non</strong></span> <span class='ocrx_word' id='word_1_564' title='bbox 2354 2548 2436 2598; x_wconf 86' lang='lat' dir='ltr'><strong>est</strong></span> <span class='ocrx_word' id='word_1_565' title='bbox 2479 2544 2621 2598; x_wconf 79' lang='lat' dir='ltr'><strong>faeta</strong></span> <span class='ocrx_word' id='word_1_566' title='bbox 2660 2545 2935 2612; x_wconf 86' lang='lat' dir='ltr'><strong>potentior</strong></span> <span class='ocrx_word' id='word_1_567' title='bbox 2971 2544 3193 2611; x_wconf 73' lang='lat' dir='ltr'><strong>physice</strong></span> <span class='ocrx_word' id='word_1_568' title='bbox 3234 2544 3309 2598; x_wconf 79' lang='lat' dir='ltr'><strong>ad</strong></span> <span class='ocrx_word' id='word_1_569' title='bbox 3351 2543 3703 2610; x_wconf 82' lang='lat' dir='ltr'><strong>operandum,</strong></span> 
     </span>
     <span class='ocr_line' id='line_1_92' title="bbox 2194 2621 3337 2684; baseline -0.001 -13"><span class='ocrx_word' id='word_1_570' title='bbox 2194 2631 2359 2684; x_wconf 83' lang='lat' dir='ltr'><strong>quam</strong></span> <span class='ocrx_word' id='word_1_571' title='bbox 2388 2632 2453 2672; x_wconf 89' lang='lat' dir='ltr'><strong>ex</strong></span> <span class='ocrx_word' id='word_1_572' title='bbox 2486 2625 2681 2673; x_wconf 84' lang='lat' dir='ltr'><strong>natura</strong></span> <span class='ocrx_word' id='word_1_573' title='bbox 2707 2633 2805 2674; x_wconf 91' lang='lat' dir='ltr'><strong>sua</strong></span> <span class='ocrx_word' id='word_1_574' title='bbox 2828 2625 2982 2684; x_wconf 88' lang='lat' dir='ltr'><strong>esset,</strong></span> <span class='ocrx_word' id='word_1_575' title='bbox 3010 2621 3066 2673; x_wconf 90' lang='lat' dir='ltr'><strong>d.</strong></span> <span class='ocrx_word' id='word_1_576' title='bbox 3096 2624 3175 2683; x_wconf 88' lang='grc'><strong>31,</strong></span> <span class='ocrx_word' id='word_1_577' title='bbox 3206 2633 3249 2673; x_wconf 81' lang='lat' dir='ltr'><strong>s,</strong></span> <span class='ocrx_word' id='word_1_578' title='bbox 3282 2624 3337 2671; x_wconf 84' lang='grc'><strong>1.</strong></span> 
     </span>
    </p>

    <p class='ocr_par' dir='ltr' id='par_1_47' title="bbox 2131 2693 3581 2762">
     <span class='ocr_line' id='line_1_93' title="bbox 2131 2693 3581 2762; baseline 0 -16"><span class='ocrx_word' id='word_1_579' title='bbox 2131 2694 2449 2748; x_wconf 86' lang='lat' dir='ltr'><strong>Humanitas</strong></span> <span class='ocrx_word' id='word_1_580' title='bbox 2472 2695 2669 2748; x_wconf 88' lang='lat' dir='ltr'><strong>Christi</strong></span> <span class='ocrx_word' id='word_1_581' title='bbox 2694 2707 2958 2762; x_wconf 84' lang='lat' dir='ltr'><strong>organum</strong></span> <span class='ocrx_word' id='word_1_582' title='bbox 2986 2693 3089 2748; x_wconf 84' lang='lat' dir='ltr'><strong>t&#39;uit</strong></span> <span class='ocrx_word' id='word_1_583' title='bbox 3112 2694 3453 2750; x_wconf 75' lang='lat' dir='ltr'><strong>divinitatis,</strong></span> <span class='ocrx_word' id='word_1_584' title='bbox 3478 2708 3519 2746; x_wconf 85' lang='lat' dir='ltr'><strong>s.</strong></span> <span class='ocrx_word' id='word_1_585' title='bbox 3540 2701 3581 2746; x_wconf 78' lang='grc'><strong>3.</strong></span> 
     </span>
    </p>

    <p class='ocr_par' dir='ltr' id='par_1_48' title="bbox 2132 2769 3689 2974">
     <span class='ocr_line' id='line_1_94' title="bbox 2132 2769 3681 2838; baseline 0 -16"><span class='ocrx_word' id='word_1_586' title='bbox 2132 2770 2450 2824; x_wconf 85' lang='lat' dir='ltr'><strong>Humanitas</strong></span> <span class='ocrx_word' id='word_1_587' title='bbox 2488 2771 2685 2825; x_wconf 88' lang='lat' dir='ltr'><strong>Christi</strong></span> <span class='ocrx_word' id='word_1_588' title='bbox 2734 2783 2847 2825; x_wconf 87' lang='lat' dir='ltr'><strong>non</strong></span> <span class='ocrx_word' id='word_1_589' title='bbox 2883 2771 2989 2824; x_wconf 81' lang='lat' dir='ltr'><strong>fuit</strong></span> <span class='ocrx_word' id='word_1_590' title='bbox 3019 2771 3333 2838; x_wconf 86' lang='lat' dir='ltr'><strong>principale</strong></span> <span class='ocrx_word' id='word_1_591' title='bbox 3377 2769 3681 2838; x_wconf 86' lang='lat' dir='ltr'><strong>principium</strong></span> 
     </span>
     <span class='ocr_line' id='line_1_95' title="bbox 2195 2845 3689 2914; baseline -0.001 -15"><span class='ocrx_word' id='word_1_592' title='bbox 2195 2847 2265 2900; x_wconf 85' lang='lat' dir='ltr'><strong>ad</strong></span> <span class='ocrx_word' id='word_1_593' title='bbox 2298 2845 2581 2901; x_wconf 82' lang='lat' dir='ltr'><strong>efficienda</strong></span> <span class='ocrx_word' id='word_1_594' title='bbox 2610 2846 3029 2914; x_wconf 64' lang='lat' dir='ltr'><strong>miracula„sed</strong></span> <span class='ocrx_word' id='word_1_595' title='bbox 3057 2847 3236 2900; x_wconf 90' lang='lat' dir='ltr'><strong>solum</strong></span> <span class='ocrx_word' id='word_1_596' title='bbox 3270 2847 3689 2912; x_wconf 80' lang='lat' dir='ltr'><strong>instrumentale,</strong></span> 
     </span>
     <span class='ocr_line' id='line_1_96' title="bbox 2195 2926 2317 2974; baseline -0.016 0"><span class='ocrx_word' id='word_1_597' title='bbox 2195 2935 2236 2974; x_wconf 80' lang='lat' dir='ltr'><strong>s,</strong></span> <span class='ocrx_word' id='word_1_598' title='bbox 2269 2926 2317 2974; x_wconf 78' lang='lat' dir='ltr'><strong>t.</strong></span> 
     </span>
    </p>

    <p class='ocr_par' dir='ltr' id='par_1_49' title="bbox 2192 2996 3695 3141">
     <span class='ocr_line' id='line_1_97' title="bbox 2194 2996 3695 3066; baseline -0.001 -16"><span class='ocrx_word' id='word_1_599' title='bbox 2194 2999 2257 3051; x_wconf 82' lang='lat' dir='ltr'><strong>Et</strong></span> <span class='ocrx_word' id='word_1_600' title='bbox 2292 2998 2486 3052; x_wconf 87' lang='lat' dir='ltr'><strong>eodem</strong></span> <span class='ocrx_word' id='word_1_601' title='bbox 2532 2999 2697 3054; x_wconf 90' lang='lat' dir='ltr'><strong>modo</strong></span> <span class='ocrx_word' id='word_1_602' title='bbox 2740 3011 2799 3052; x_wconf 90' lang='lat' dir='ltr'><strong>se</strong></span> <span class='ocrx_word' id='word_1_603' title='bbox 2840 2999 3003 3053; x_wconf 89' lang='lat' dir='ltr'><strong>habet</strong></span> <span class='ocrx_word' id='word_1_604' title='bbox 3034 3001 3281 3066; x_wconf 65' lang='lat' dir='ltr'><strong>respectu</strong></span> <span class='ocrx_word' id='word_1_605' title='bbox 3332 2996 3695 3066; x_wconf 82' lang='lat' dir='ltr'><strong>productionis</strong></span> 
     </span>
     <span class='ocr_line' id='line_1_98' title="bbox 2192 3075 2502 3141; baseline 0.01 -14"><span class='ocrx_word' id='word_1_606' title='bbox 2192 3075 2400 3141; x_wconf 77' lang='lat' dir='ltr'><strong>gratiae,</strong></span> <span class='ocrx_word' id='word_1_607' title='bbox 2426 3076 2502 3130; x_wconf 91' lang='lat' dir='ltr'><strong>ib.</strong></span> 
     </span>
    </p>

    <p class='ocr_par' dir='ltr' id='par_1_50' title="bbox 2131 3149 3703 3368">
     <span class='ocr_line' id='line_1_99' title="bbox 2131 3149 3699 3218; baseline 0.002 -17"><span class='ocrx_word' id='word_1_608' title='bbox 2131 3149 2447 3204; x_wconf 87' lang='lat' dir='ltr'><strong>Humanitas</strong></span> <span class='ocrx_word' id='word_1_609' title='bbox 2490 3151 2685 3205; x_wconf 88' lang='lat' dir='ltr'><strong>Christi</strong></span> <span class='ocrx_word' id='word_1_610' title='bbox 2728 3165 2825 3218; x_wconf 87' lang='lat' dir='ltr'><strong>per</strong></span> <span class='ocrx_word' id='word_1_611' title='bbox 2856 3153 3023 3205; x_wconf 89' lang='lat' dir='ltr'><strong>solam</strong></span> <span class='ocrx_word' id='word_1_612' title='bbox 3056 3153 3329 3206; x_wconf 90' lang='lat' dir='ltr'><strong>unionem</strong></span> <span class='ocrx_word' id='word_1_613' title='bbox 3362 3151 3437 3204; x_wconf 89' lang='lat' dir='ltr'><strong>ad</strong></span> <span class='ocrx_word' id='word_1_614' title='bbox 3480 3149 3699 3204; x_wconf 77' lang='lat' dir='ltr'><strong>Verbum</strong></span> 
     </span>
     <span class='ocr_line' id='line_1_100' title="bbox 2196 3227 3703 3295; baseline -0.001 -15"><span class='ocrx_word' id='word_1_615' title='bbox 2196 3238 2307 3280; x_wconf 88' lang='lat' dir='ltr'><strong>non</strong></span> <span class='ocrx_word' id='word_1_616' title='bbox 2335 3228 2686 3283; x_wconf 89' lang='lat' dir='ltr'><strong>constituitur</strong></span> <span class='ocrx_word' id='word_1_617' title='bbox 2712 3229 2768 3280; x_wconf 92' lang='lat' dir='ltr'><strong>in</strong></span> <span class='ocrx_word' id='word_1_618' title='bbox 2802 3234 2926 3282; x_wconf 89' lang='lat' dir='ltr'><strong>actu</strong></span> <span class='ocrx_word' id='word_1_619' title='bbox 2946 3229 3125 3295; x_wconf 86' lang='lat' dir='ltr'><strong>primo</strong></span> <span class='ocrx_word' id='word_1_620' title='bbox 3148 3229 3217 3282; x_wconf 87' lang='lat' dir='ltr'><strong>ad</strong></span> <span class='ocrx_word' id='word_1_621' title='bbox 3247 3227 3601 3294; x_wconf 85' lang='lat' dir='ltr'><strong>operandum</strong></span> <span class='ocrx_word' id='word_1_622' title='bbox 3619 3241 3703 3280; x_wconf 83' lang='lat' dir='ltr'><strong>su-</strong></span> 
     </span>
     <span class='ocr_line' id='line_1_101' title="bbox 2192 3303 2772 3368; baseline 0.009 -16"><span class='ocrx_word' id='word_1_623' title='bbox 2192 3303 2629 3368; x_wconf 84' lang='lat' dir='ltr'><strong>pernaturaliter,</strong></span> <span class='ocrx_word' id='word_1_624' title='bbox 2654 3317 2699 3356; x_wconf 91' lang='lat' dir='ltr'><strong>S.</strong></span> <span class='ocrx_word' id='word_1_625' title='bbox 2726 3311 2772 3357; x_wconf 84' lang='lat'><strong>6.</strong></span> 
     </span>
    </p>

    <p class='ocr_par' dir='ltr' id='par_1_51' title="bbox 2130 3377 3701 3523">
     <span class='ocr_line' id='line_1_102' title="bbox 2130 3377 3701 3448; baseline 0.001 -20"><span class='ocrx_word' id='word_1_626' title='bbox 2130 3377 2447 3432; x_wconf 88' lang='lat' dir='ltr'><strong>Humanitas</strong></span> <span class='ocrx_word' id='word_1_627' title='bbox 2486 3379 2683 3434; x_wconf 87' lang='lat' dir='ltr'><strong>christi</strong></span> <span class='ocrx_word' id='word_1_628' title='bbox 2734 3379 2945 3448; x_wconf 88' lang='lat' dir='ltr'><strong>operari</strong></span> <span class='ocrx_word' id='word_1_629' title='bbox 2995 3385 3170 3447; x_wconf 89' lang='lat' dir='ltr'><strong>potest</strong></span> <span class='ocrx_word' id='word_1_630' title='bbox 3218 3378 3580 3444; x_wconf 84' lang='lat' dir='ltr'><strong>miraculose,</strong></span> <span class='ocrx_word' id='word_1_631' title='bbox 3617 3378 3701 3432; x_wconf 83' lang='lat' dir='ltr'><strong>ubi</strong></span> 
     </span>
     <span class='ocr_line' id='line_1_103' title="bbox 2194 3453 3103 3523; baseline -0.001 -17"><span class='ocrx_word' id='word_1_632' title='bbox 2194 3465 2305 3507; x_wconf 90' lang='lat' dir='ltr'><strong>non</strong></span> <span class='ocrx_word' id='word_1_633' title='bbox 2330 3460 2411 3508; x_wconf 91' lang='lat' dir='ltr'><strong>est</strong></span> <span class='ocrx_word' id='word_1_634' title='bbox 2431 3453 2677 3508; x_wconf 88' lang='lat' dir='ltr'><strong>localiter</strong></span> <span class='ocrx_word' id='word_1_635' title='bbox 2704 3467 2960 3523; x_wconf 67' lang='lat' dir='ltr'><strong>praesens,</strong></span> <span class='ocrx_word' id='word_1_636' title='bbox 2986 3468 3029 3507; x_wconf 92' lang='lat' dir='ltr'><strong>s.</strong></span> <span class='ocrx_word' id='word_1_637' title='bbox 3056 3459 3103 3506; x_wconf 84' lang='lat'><strong>8.</strong></span> 
     </span>
    </p>

    <p class='ocr_par' dir='ltr' id='par_1_52' title="bbox 2128 3527 3707 3748">
     <span class='ocr_line' id='line_1_104' title="bbox 2128 3527 3705 3598; baseline 0.001 -19"><span class='ocrx_word' id='word_1_638' title='bbox 2128 3527 2448 3583; x_wconf 83' lang='lat' dir='ltr'><strong>Humanitas</strong></span> <span class='ocrx_word' id='word_1_639' title='bbox 2479 3529 2675 3584; x_wconf 86' lang='lat' dir='ltr'><strong>christi</strong></span> <span class='ocrx_word' id='word_1_640' title='bbox 2706 3543 2818 3584; x_wconf 89' lang='lat' dir='ltr'><strong>non</strong></span> <span class='ocrx_word' id='word_1_641' title='bbox 2840 3529 3017 3598; x_wconf 87' lang='lat' dir='ltr'><strong>potuit</strong></span> <span class='ocrx_word' id='word_1_642' title='bbox 3038 3529 3336 3583; x_wconf 82' lang='lat' dir='ltr'><strong>efficienter</strong></span> <span class='ocrx_word' id='word_1_643' title='bbox 3364 3529 3589 3597; x_wconf 89' lang='lat' dir='ltr'><strong>operari</strong></span> <span class='ocrx_word' id='word_1_644' title='bbox 3619 3543 3705 3582; x_wconf 89' lang='lat' dir='ltr'><strong>an-</strong></span> 
     </span>
     <span class='ocr_line' id='line_1_105' title="bbox 2191 3605 3621 3672; baseline 0.001 -16"><span class='ocrx_word' id='word_1_645' title='bbox 2191 3609 2409 3671; x_wconf 88' lang='lat' dir='ltr'><strong>tequam</strong></span> <span class='ocrx_word' id='word_1_646' title='bbox 2444 3605 2715 3670; x_wconf 86' lang='lat' dir='ltr'><strong>existeret,</strong></span> <span class='ocrx_word' id='word_1_647' title='bbox 2742 3605 3227 3660; x_wconf 90' lang='lat' dir='ltr'><strong>instrumentaliter</strong></span> <span class='ocrx_word' id='word_1_648' title='bbox 3258 3605 3508 3672; x_wconf 76' lang='lat' dir='ltr'><strong>physice,</strong></span> <span class='ocrx_word' id='word_1_649' title='bbox 3541 3605 3621 3658; x_wconf 87' lang='lat' dir='ltr'><strong>ib.</strong></span> 
     </span>
     <span class='ocr_line' id='line_1_106' title="bbox 2128 3680 3707 3748; baseline -0.001 -17"><span class='ocrx_word' id='word_1_650' title='bbox 2128 3680 2457 3734; x_wconf 84' lang='lat' dir='ltr'><strong>Humanitati</strong></span> <span class='ocrx_word' id='word_1_651' title='bbox 2500 3682 2695 3736; x_wconf 85' lang='lat' dir='ltr'><strong>Christi</strong></span> <span class='ocrx_word' id='word_1_652' title='bbox 2737 3695 2808 3736; x_wconf 90' lang='lat' dir='ltr'><strong>an</strong></span> <span class='ocrx_word' id='word_1_653' title='bbox 2850 3681 3019 3736; x_wconf 80' lang='lat' dir='ltr'><strong>suerit</strong></span> <span class='ocrx_word' id='word_1_654' title='bbox 3048 3683 3453 3735; x_wconf 88' lang='lat' dir='ltr'><strong>communicata</strong></span> <span class='ocrx_word' id='word_1_655' title='bbox 3478 3686 3707 3748; x_wconf 72' lang='lat' dir='ltr'><strong>potestas</strong></span> 
     </span>
    </p>

    <p class='ocr_par' dir='ltr' id='par_1_53' title="bbox 2192 3755 3506 3825">
     <span class='ocr_line' id='line_1_107' title="bbox 2192 3755 3506 3825; baseline 0.002 -17"><span class='ocrx_word' id='word_1_656' title='bbox 2192 3756 2541 3818; x_wconf 81' lang='lat' dir='ltr'><strong>creandi,vel</strong></span> <span class='ocrx_word' id='word_1_657' title='bbox 2569 3769 2638 3810; x_wconf 88' lang='lat' dir='ltr'><strong>an</strong></span> <span class='ocrx_word' id='word_1_658' title='bbox 2670 3756 2967 3825; x_wconf 89' lang='lat' dir='ltr'><strong>aliquando</strong></span> <span class='ocrx_word' id='word_1_659' title='bbox 2997 3769 3061 3810; x_wconf 89' lang='lat' dir='ltr'><strong>ea</strong></span> <span class='ocrx_word' id='word_1_660' title='bbox 3084 3769 3183 3810; x_wconf 90' lang='lat' dir='ltr'><strong>usa</strong></span> <span class='ocrx_word' id='word_1_661' title='bbox 3215 3755 3401 3823; x_wconf 79' lang='lat' dir='ltr'><strong>fuerit,</strong></span> <span class='ocrx_word' id='word_1_662' title='bbox 3428 3756 3506 3810; x_wconf 87' lang='lat' dir='ltr'><strong>ib.</strong></span> 
     </span>
    </p>

    <p class='ocr_par' dir='ltr' id='par_1_54' title="bbox 2128 3833 3709 3976">
     <span class='ocr_line' id='line_1_108' title="bbox 2128 3833 3709 3902; baseline 0 -16"><span class='ocrx_word' id='word_1_663' title='bbox 2128 3833 2445 3888; x_wconf 82' lang='lat' dir='ltr'><strong>Humanitas</strong></span> <span class='ocrx_word' id='word_1_664' title='bbox 2476 3835 2673 3888; x_wconf 82' lang='lat' dir='ltr'><strong>Christi</strong></span> <span class='ocrx_word' id='word_1_665' title='bbox 2713 3835 2782 3890; x_wconf 89' lang='lat' dir='ltr'><strong>ad</strong></span> <span class='ocrx_word' id='word_1_666' title='bbox 2819 3835 2969 3902; x_wconf 86' lang='lat' dir='ltr'><strong>quod</strong></span> <span class='ocrx_word' id='word_1_667' title='bbox 2998 3834 3392 3888; x_wconf 87' lang='lat' dir='ltr'><strong>miraculorum</strong></span> <span class='ocrx_word' id='word_1_668' title='bbox 3425 3847 3613 3900; x_wconf 83' lang='lat' dir='ltr'><strong>genus</strong></span> <span class='ocrx_word' id='word_1_669' title='bbox 3634 3847 3709 3886; x_wconf 81' lang='lat' dir='ltr'><strong>as-</strong></span> 
     </span>
     <span class='ocr_line' id='line_1_109' title="bbox 2192 3910 2721 3976; baseline 0 -14"><span class='ocrx_word' id='word_1_670' title='bbox 2192 3914 2406 3976; x_wconf 84' lang='lat' dir='ltr'><strong>sumpta</strong></span> <span class='ocrx_word' id='word_1_671' title='bbox 2434 3910 2619 3974; x_wconf 86' lang='lat' dir='ltr'><strong>fuerit,</strong></span> <span class='ocrx_word' id='word_1_672' title='bbox 2646 3912 2721 3964; x_wconf 87' lang='lat' dir='ltr'><strong>ib.</strong></span> 
     </span>
    </p>

    <p class='ocr_par' dir='ltr' id='par_1_55' title="bbox 2129 3987 3704 4129">
     <span class='ocr_line' id='line_1_110' title="bbox 2129 3987 3704 4054; baseline 0 -16"><span class='ocrx_word' id='word_1_673' title='bbox 2129 3987 2445 4039; x_wconf 89' lang='lat' dir='ltr'><strong>Humanitas</strong></span> <span class='ocrx_word' id='word_1_674' title='bbox 2492 3987 2689 4040; x_wconf 85' lang='lat' dir='ltr'><strong>Christi</strong></span> <span class='ocrx_word' id='word_1_675' title='bbox 2740 4000 2918 4054; x_wconf 82' lang='lat' dir='ltr'><strong>neque</strong></span> <span class='ocrx_word' id='word_1_676' title='bbox 2950 3994 3181 4050; x_wconf 85' lang='lat' dir='ltr'><strong>aeterna,</strong></span> <span class='ocrx_word' id='word_1_677' title='bbox 3219 3999 3401 4054; x_wconf 84' lang='lat' dir='ltr'><strong>neque</strong></span> <span class='ocrx_word' id='word_1_678' title='bbox 3436 3987 3704 4040; x_wconf 78' lang='lat' dir='ltr'><strong>immensa</strong></span> 
     </span>
     <span class='ocr_line' id='line_1_111' title="bbox 2192 4062 2851 4129; baseline 0 -13"><span class='ocrx_word' id='word_1_679' title='bbox 2192 4062 2301 4116; x_wconf 81' lang='lat' dir='ltr'><strong>diei</strong></span> <span class='ocrx_word' id='word_1_680' title='bbox 2333 4066 2523 4129; x_wconf 86' lang='lat' dir='ltr'><strong>potest.</strong></span> <span class='ocrx_word' id='word_1_681' title='bbox 2550 4063 2606 4115; x_wconf 90' lang='lat' dir='ltr'><strong>d.</strong></span> <span class='ocrx_word' id='word_1_682' title='bbox 2634 4068 2713 4124; x_wconf 74' lang='lat'><strong>³2,</strong></span> <span class='ocrx_word' id='word_1_683' title='bbox 2737 4077 2781 4116; x_wconf 91' lang='lat' dir='ltr'><strong>S.</strong></span> <span class='ocrx_word' id='word_1_684' title='bbox 2805 4067 2851 4116; x_wconf 76' lang='grc'><strong>4.</strong></span> 
     </span>
    </p>

    <p class='ocr_par' dir='ltr' id='par_1_56' title="bbox 2130 4137 3703 4356">
     <span class='ocr_line' id='line_1_112' title="bbox 2130 4137 3703 4208; baseline 0.006 -18"><span class='ocrx_word' id='word_1_685' title='bbox 2130 4137 2445 4192; x_wconf 89' lang='lat' dir='ltr'><strong>Humanitas</strong></span> <span class='ocrx_word' id='word_1_686' title='bbox 2468 4138 2662 4192; x_wconf 85' lang='lat' dir='ltr'><strong>Christi</strong></span> <span class='ocrx_word' id='word_1_687' title='bbox 2706 4140 2881 4208; x_wconf 88' lang='lat' dir='ltr'><strong>potuit</strong></span> <span class='ocrx_word' id='word_1_688' title='bbox 2904 4143 3015 4194; x_wconf 90' lang='lat' dir='ltr'><strong>toto</strong></span> <span class='ocrx_word' id='word_1_689' title='bbox 3052 4139 3261 4194; x_wconf 85' lang='lat' dir='ltr'><strong>mundo</strong></span> <span class='ocrx_word' id='word_1_690' title='bbox 3292 4139 3409 4194; x_wconf 83' lang='lat' dir='ltr'><strong>fleri</strong></span> <span class='ocrx_word' id='word_1_691' title='bbox 3446 4151 3703 4206; x_wconf 74' lang='lat' dir='ltr'><strong>praesens.</strong></span> 
     </span>
     <span class='ocr_line' id='line_1_113' title="bbox 2193 4290 2899 4356; baseline -0.001 -14"><span class='ocrx_word' id='word_1_692' title='bbox 2193 4290 2306 4343; x_wconf 83' lang='lat' dir='ltr'><strong>Non</strong></span> <span class='ocrx_word' id='word_1_693' title='bbox 2334 4296 2415 4345; x_wconf 88' lang='lat' dir='ltr'><strong>est</strong></span> <span class='ocrx_word' id='word_1_694' title='bbox 2442 4291 2515 4344; x_wconf 88' lang='lat' dir='ltr'><strong>ita</strong></span> <span class='ocrx_word' id='word_1_695' title='bbox 2538 4292 2609 4346; x_wconf 86' lang='lat' dir='ltr'><strong>de</strong></span> <span class='ocrx_word' id='word_1_696' title='bbox 2636 4291 2797 4356; x_wconf 78' lang='lat' dir='ltr'><strong>sacto,</strong></span> <span class='ocrx_word' id='word_1_697' title='bbox 2824 4291 2899 4345; x_wconf 89' lang='lat' dir='ltr'><strong>ib.</strong></span> 
     </span>
    </p>

    <p class='ocr_par' dir='ltr' id='par_1_57' title="bbox 2128 4365 3701 4581">
     <span class='ocr_line' id='line_1_114' title="bbox 2128 4365 3701 4421; baseline 0.001 -4"><span class='ocrx_word' id='word_1_698' title='bbox 2128 4365 2445 4420; x_wconf 88' lang='lat' dir='ltr'><strong>Humanitas</strong></span> <span class='ocrx_word' id='word_1_699' title='bbox 2472 4373 2693 4421; x_wconf 90' lang='lat' dir='ltr'><strong>mutans</strong></span> <span class='ocrx_word' id='word_1_700' title='bbox 2734 4368 2915 4421; x_wconf 89' lang='lat' dir='ltr'><strong>locum</strong></span> <span class='ocrx_word' id='word_1_701' title='bbox 2956 4379 3142 4420; x_wconf 90' lang='lat' dir='ltr'><strong>secum</strong></span> <span class='ocrx_word' id='word_1_702' title='bbox 3187 4366 3291 4419; x_wconf 82' lang='lat' dir='ltr'><strong>fert</strong></span> <span class='ocrx_word' id='word_1_703' title='bbox 3331 4365 3611 4420; x_wconf 87' lang='lat' dir='ltr'><strong>unionem</strong></span> <span class='ocrx_word' id='word_1_704' title='bbox 3640 4367 3701 4419; x_wconf 86' lang='lat' dir='ltr'><strong>ad</strong></span> 
     </span>
     <span class='ocr_line' id='line_1_115' title="bbox 2186 4441 3697 4508; baseline 0 -15"><span class='ocrx_word' id='word_1_705' title='bbox 2186 4441 2446 4508; x_wconf 80' lang='lat' dir='ltr'><strong>Verbum,</strong></span> <span class='ocrx_word' id='word_1_706' title='bbox 2486 4449 2541 4497; x_wconf 90' lang='lat' dir='ltr'><strong>et</strong></span> <span class='ocrx_word' id='word_1_707' title='bbox 2584 4444 2657 4498; x_wconf 91' lang='lat' dir='ltr'><strong>ita</strong></span> <span class='ocrx_word' id='word_1_708' title='bbox 2704 4451 2909 4499; x_wconf 87' lang='lat' dir='ltr'><strong>mutata</strong></span> <span class='ocrx_word' id='word_1_709' title='bbox 2940 4442 3296 4506; x_wconf 88' lang='lat' dir='ltr'><strong>humanitate,</strong></span> <span class='ocrx_word' id='word_1_710' title='bbox 3342 4441 3502 4494; x_wconf 88' lang='lat' dir='ltr'><strong>nulla</strong></span> <span class='ocrx_word' id='word_1_711' title='bbox 3549 4442 3611 4496; x_wconf 82' lang='lat' dir='ltr'><strong>fit</strong></span> <span class='ocrx_word' id='word_1_712' title='bbox 3648 4443 3697 4494; x_wconf 87' lang='lat' dir='ltr'><strong>in</strong></span> 
     </span>
     <span class='ocr_line' id='line_1_116' title="bbox 2186 4518 2734 4581; baseline 0.005 -12"><span class='ocrx_word' id='word_1_713' title='bbox 2186 4518 2361 4572; x_wconf 78' lang='lat' dir='ltr'><strong>Verbo</strong></span> <span class='ocrx_word' id='word_1_714' title='bbox 2387 4520 2631 4581; x_wconf 88' lang='lat' dir='ltr'><strong>mutatio.</strong></span> <span class='ocrx_word' id='word_1_715' title='bbox 2659 4520 2734 4573; x_wconf 90' lang='lat' dir='ltr'><strong>ib.</strong></span> 
     </span>
    </p>

    <p class='ocr_par' dir='ltr' id='par_1_58' title="bbox 2124 4593 3695 4737">
     <span class='ocr_line' id='line_1_117' title="bbox 2124 4593 3695 4662; baseline -0.001 -17"><span class='ocrx_word' id='word_1_716' title='bbox 2124 4594 2439 4648; x_wconf 88' lang='lat' dir='ltr'><strong>Humanitas</strong></span> <span class='ocrx_word' id='word_1_717' title='bbox 2460 4595 2654 4648; x_wconf 84' lang='lat' dir='ltr'><strong>christi</strong></span> <span class='ocrx_word' id='word_1_718' title='bbox 2680 4609 2779 4662; x_wconf 83' lang='lat' dir='ltr'><strong>per</strong></span> <span class='ocrx_word' id='word_1_719' title='bbox 2799 4597 3063 4649; x_wconf 89' lang='lat' dir='ltr'><strong>unionem</strong></span> <span class='ocrx_word' id='word_1_720' title='bbox 3088 4593 3160 4648; x_wconf 88' lang='lat' dir='ltr'><strong>ad</strong></span> <span class='ocrx_word' id='word_1_721' title='bbox 3180 4593 3421 4648; x_wconf 79' lang='lat' dir='ltr'><strong>Verbum</strong></span> <span class='ocrx_word' id='word_1_722' title='bbox 3457 4593 3604 4648; x_wconf 85' lang='lat' dir='ltr'><strong>saeta</strong></span> <span class='ocrx_word' id='word_1_723' title='bbox 3629 4599 3695 4646; x_wconf 70' lang='lat' dir='ltr'><strong>est</strong></span> 
     </span>
     <span class='ocr_line' id='line_1_118' title="bbox 2186 4671 2913 4737; baseline 0.003 -15"><span class='ocrx_word' id='word_1_724' title='bbox 2186 4671 2576 4737; x_wconf 58' lang='lat' dir='ltr'><strong>impeccabilis</strong></span> <span class='ocrx_word' id='word_1_725' title='bbox 2606 4671 2660 4726; x_wconf 87' lang='lat' dir='ltr'><strong>d.</strong></span> <span class='ocrx_word' id='word_1_726' title='bbox 2688 4678 2767 4736; x_wconf 87' lang='grc'><strong>33,</strong></span> <span class='ocrx_word' id='word_1_727' title='bbox 2792 4686 2834 4724; x_wconf 84' lang='lat' dir='ltr'><strong>S.</strong></span> <span class='ocrx_word' id='word_1_728' title='bbox 2862 4677 2913 4724; x_wconf 73' lang='lat'><strong>2.</strong></span> 
     </span>
    </p>

    <p class='ocr_par' dir='ltr' id='par_1_59' title="bbox 2121 4746 3687 4888">
     <span class='ocr_line' id='line_1_119' title="bbox 2121 4746 3687 4814; baseline 0 -14"><span class='ocrx_word' id='word_1_729' title='bbox 2121 4747 2437 4801; x_wconf 84' lang='lat' dir='ltr'><strong>Humanitas</strong></span> <span class='ocrx_word' id='word_1_730' title='bbox 2464 4747 2681 4812; x_wconf 83' lang='lat' dir='ltr'><strong>Christi,</strong></span> <span class='ocrx_word' id='word_1_731' title='bbox 2706 4761 2771 4800; x_wconf 89' lang='lat' dir='ltr'><strong>ex</strong></span> <span class='ocrx_word' id='word_1_732' title='bbox 2794 4760 2906 4814; x_wconf 89' lang='lat' dir='ltr'><strong>quo</strong></span> <span class='ocrx_word' id='word_1_733' title='bbox 2932 4747 3137 4814; x_wconf 90' lang='lat' dir='ltr'><strong>incepit</strong></span> <span class='ocrx_word' id='word_1_734' title='bbox 3168 4759 3284 4800; x_wconf 88' lang='lat' dir='ltr'><strong>esse</strong></span> <span class='ocrx_word' id='word_1_735' title='bbox 3310 4746 3497 4800; x_wconf 86' lang='lat' dir='ltr'><strong>Verbo</strong></span> <span class='ocrx_word' id='word_1_736' title='bbox 3530 4749 3687 4810; x_wconf 82' lang='lat' dir='ltr'><strong>unita,</strong></span> 
     </span>
     <span class='ocr_line' id='line_1_120' title="bbox 2186 4821 3681 4888; baseline 0 -12"><span class='ocrx_word' id='word_1_737' title='bbox 2186 4822 2376 4876; x_wconf 90' lang='lat' dir='ltr'><strong>habuit</strong></span> <span class='ocrx_word' id='word_1_738' title='bbox 2402 4823 2624 4876; x_wconf 89' lang='lat' dir='ltr'><strong>unicam</strong></span> <span class='ocrx_word' id='word_1_739' title='bbox 2652 4822 2973 4878; x_wconf 77' lang='lat' dir='ltr'><strong>invariatam</strong></span> <span class='ocrx_word' id='word_1_740' title='bbox 3002 4823 3366 4888; x_wconf 77' lang='lat' dir='ltr'><strong>existentiam,</strong></span> <span class='ocrx_word' id='word_1_741' title='bbox 3393 4821 3451 4876; x_wconf 86' lang='lat' dir='ltr'><strong>d.</strong></span> <span class='ocrx_word' id='word_1_742' title='bbox 3486 4829 3568 4887; x_wconf 78' lang='grc'><strong>36,</strong></span> <span class='ocrx_word' id='word_1_743' title='bbox 3588 4838 3629 4878; x_wconf 87' lang='lat' dir='ltr'><strong>s.</strong></span> <span class='ocrx_word' id='word_1_744' title='bbox 3648 4829 3681 4876; x_wconf 86' lang='lat' dir='ltr'><strong>t.</strong></span> 
     </span>
    </p>

    <p class='ocr_par' dir='ltr' id='par_1_60' title="bbox 2123 4899 3681 5043">
     <span class='ocr_line' id='line_1_121' title="bbox 2123 4899 3679 4960; baseline 0 -8"><span class='ocrx_word' id='word_1_745' title='bbox 2123 4900 2521 4953; x_wconf 88' lang='lat' dir='ltr'><strong>Humanitatem</strong></span> <span class='ocrx_word' id='word_1_746' title='bbox 2548 4900 2740 4952; x_wconf 84' lang='lat' dir='ltr'><strong>Christi</strong></span> <span class='ocrx_word' id='word_1_747' title='bbox 2772 4911 2955 4952; x_wconf 88' lang='lat' dir='ltr'><strong>carere</strong></span> <span class='ocrx_word' id='word_1_748' title='bbox 2983 4899 3212 4952; x_wconf 85' lang='lat' dir='ltr'><strong>scientia</strong></span> <span class='ocrx_word' id='word_1_749' title='bbox 3230 4899 3393 4952; x_wconf 85' lang='lat' dir='ltr'><strong>beata</strong></span> <span class='ocrx_word' id='word_1_750' title='bbox 3418 4905 3477 4952; x_wconf 90' lang='lat' dir='ltr'><strong>et</strong></span> <span class='ocrx_word' id='word_1_751' title='bbox 3501 4899 3679 4960; x_wconf 80' lang='lat' dir='ltr'><strong>intusa,</strong></span> 
     </span>
     <span class='ocr_line' id='line_1_122' title="bbox 2188 4972 3681 5043; baseline -0.001 -14"><span class='ocrx_word' id='word_1_752' title='bbox 2188 4977 2257 5029; x_wconf 90' lang='lat' dir='ltr'><strong>de</strong></span> <span class='ocrx_word' id='word_1_753' title='bbox 2285 4976 2532 5029; x_wconf 89' lang='lat' dir='ltr'><strong>absoluta</strong></span> <span class='ocrx_word' id='word_1_754' title='bbox 2550 4975 2645 5028; x_wconf 87' lang='lat' dir='ltr'><strong>Dei</strong></span> <span class='ocrx_word' id='word_1_755' title='bbox 2672 4976 2915 5043; x_wconf 89' lang='lat' dir='ltr'><strong>potentia</strong></span> <span class='ocrx_word' id='word_1_756' title='bbox 2939 4987 3053 5028; x_wconf 91' lang='lat' dir='ltr'><strong>non</strong></span> <span class='ocrx_word' id='word_1_757' title='bbox 3083 4979 3370 5042; x_wconf 85' lang='lat' dir='ltr'><strong>repugnat,</strong></span> <span class='ocrx_word' id='word_1_758' title='bbox 3394 4972 3453 5028; x_wconf 87' lang='lat' dir='ltr'><strong>d.</strong></span> <span class='ocrx_word' id='word_1_759' title='bbox 3484 4981 3569 5042; x_wconf 81' lang='grc'><strong>38,</strong></span> <span class='ocrx_word' id='word_1_760' title='bbox 3590 4990 3629 5028; x_wconf 87' lang='lat' dir='ltr'><strong>s.</strong></span> <span class='ocrx_word' id='word_1_761' title='bbox 3644 4983 3681 5027; x_wconf 75' lang='lat'><strong>⁵.</strong></span> 
     </span>
    </p>

    <p class='ocr_par' dir='ltr' id='par_1_61' title="bbox 2124 5049 3685 5194">
     <span class='ocr_line' id='line_1_123' title="bbox 2124 5049 3685 5118; baseline -0.002 -14"><span class='ocrx_word' id='word_1_762' title='bbox 2124 5052 2439 5105; x_wconf 87' lang='lat' dir='ltr'><strong>Humanitas</strong></span> <span class='ocrx_word' id='word_1_763' title='bbox 2466 5051 2806 5106; x_wconf 87' lang='lat' dir='ltr'><strong>considerata</strong></span> <span class='ocrx_word' id='word_1_764' title='bbox 2834 5059 2893 5104; x_wconf 87' lang='lat' dir='ltr'><strong>ut</strong></span> <span class='ocrx_word' id='word_1_765' title='bbox 2922 5050 3164 5118; x_wconf 75' lang='lat' dir='ltr'><strong>praeeisa,</strong></span> <span class='ocrx_word' id='word_1_766' title='bbox 3194 5064 3227 5103; x_wconf 90' lang='lat' dir='ltr'><strong>a</strong></span> <span class='ocrx_word' id='word_1_767' title='bbox 3246 5049 3430 5104; x_wconf 77' lang='lat' dir='ltr'><strong>Verbo</strong></span> <span class='ocrx_word' id='word_1_768' title='bbox 3451 5057 3511 5104; x_wconf 87' lang='lat' dir='ltr'><strong>et</strong></span> <span class='ocrx_word' id='word_1_769' title='bbox 3532 5049 3685 5104; x_wconf 85' lang='lat' dir='ltr'><strong>amari</strong></span> 
     </span>
     <span class='ocr_line' id='line_1_124' title="bbox 2186 5127 3034 5194; baseline 0 -14"><span class='ocrx_word' id='word_1_770' title='bbox 2186 5136 2240 5182; x_wconf 91' lang='lat' dir='ltr'><strong>et</strong></span> <span class='ocrx_word' id='word_1_771' title='bbox 2260 5127 2469 5182; x_wconf 85' lang='lat' dir='ltr'><strong>laudari</strong></span> <span class='ocrx_word' id='word_1_772' title='bbox 2504 5134 2697 5194; x_wconf 87' lang='lat' dir='ltr'><strong>potest.</strong></span> <span class='ocrx_word' id='word_1_773' title='bbox 2721 5128 2779 5180; x_wconf 88' lang='lat' dir='ltr'><strong>d.</strong></span> <span class='ocrx_word' id='word_1_774' title='bbox 2804 5134 2884 5193; x_wconf 76' lang='lat'><strong>53,</strong></span> <span class='ocrx_word' id='word_1_775' title='bbox 2910 5141 2953 5180; x_wconf 87' lang='lat' dir='ltr'><strong>s.</strong></span> <span class='ocrx_word' id='word_1_776' title='bbox 2986 5134 3034 5180; x_wconf 84' lang='grc'><strong>3.</strong></span> 
     </span>
    </p>

    <p class='ocr_par' dir='ltr' id='par_1_62' title="bbox 2184 5201 3687 5345">
     <span class='ocr_line' id='line_1_125' title="bbox 2184 5201 3687 5270; baseline -0.003 -13"><span class='ocrx_word' id='word_1_777' title='bbox 2184 5205 2407 5257; x_wconf 87' lang='lat' dir='ltr'><strong>Summa</strong></span> <span class='ocrx_word' id='word_1_778' title='bbox 2438 5202 2782 5264; x_wconf 82' lang='lat' dir='ltr'><strong>excellentia,</strong></span> <span class='ocrx_word' id='word_1_779' title='bbox 2818 5209 3041 5270; x_wconf 86' lang='lat' dir='ltr'><strong>propter</strong></span> <span class='ocrx_word' id='word_1_780' title='bbox 3070 5213 3235 5268; x_wconf 87' lang='lat' dir='ltr'><strong>quam</strong></span> <span class='ocrx_word' id='word_1_781' title='bbox 3278 5205 3359 5254; x_wconf 88' lang='lat' dir='ltr'><strong>est</strong></span> <span class='ocrx_word' id='word_1_782' title='bbox 3399 5201 3687 5256; x_wconf 82' lang='lat' dir='ltr'><strong>adorabilis</strong></span> 
     </span>
     <span class='ocr_line' id='line_1_126' title="bbox 2185 5277 3196 5345; baseline -0.002 -12"><span class='ocrx_word' id='word_1_783' title='bbox 2185 5278 2511 5341; x_wconf 88' lang='lat' dir='ltr'><strong>humanitas,</strong></span> <span class='ocrx_word' id='word_1_784' title='bbox 2536 5283 2614 5332; x_wconf 90' lang='lat' dir='ltr'><strong>est</strong></span> <span class='ocrx_word' id='word_1_785' title='bbox 2646 5277 2817 5345; x_wconf 79' lang='lat' dir='ltr'><strong>gratia</strong></span> <span class='ocrx_word' id='word_1_786' title='bbox 2849 5278 3097 5338; x_wconf 85' lang='lat' dir='ltr'><strong>unioniS,</strong></span> <span class='ocrx_word' id='word_1_787' title='bbox 3121 5277 3196 5331; x_wconf 89' lang='lat' dir='ltr'><strong>ib.</strong></span> 
     </span>
    </p>

    <p class='ocr_par' dir='ltr' id='par_1_63' title="bbox 2123 5354 3683 5501">
     <span class='ocr_line' id='line_1_127' title="bbox 2123 5354 3683 5422; baseline -0.003 -12"><span class='ocrx_word' id='word_1_788' title='bbox 2123 5359 2375 5410; x_wconf 69' lang='lat' dir='ltr'><strong>Humerus</strong></span> <span class='ocrx_word' id='word_1_789' title='bbox 2404 5368 2596 5411; x_wconf 88' lang='lat' dir='ltr'><strong>omnes</strong></span> <span class='ocrx_word' id='word_1_790' title='bbox 2617 5356 2929 5410; x_wconf 84' lang='lat' dir='ltr'><strong>immediate</strong></span> <span class='ocrx_word' id='word_1_791' title='bbox 2952 5355 3122 5410; x_wconf 81' lang='lat' dir='ltr'><strong>fuisse</strong></span> <span class='ocrx_word' id='word_1_792' title='bbox 3139 5354 3316 5408; x_wconf 81' lang='lat' dir='ltr'><strong>Verbo</strong></span> <span class='ocrx_word' id='word_1_793' title='bbox 3338 5355 3552 5422; x_wconf 86' lang='lat' dir='ltr'><strong>unitos,</strong></span> <span class='ocrx_word' id='word_1_794' title='bbox 3574 5366 3683 5408; x_wconf 85' lang='lat' dir='ltr'><strong>aue-</strong></span> 
     </span>
     <span class='ocr_line' id='line_1_128' title="bbox 2184 5431 3508 5501; baseline -0.002 -14"><span class='ocrx_word' id='word_1_795' title='bbox 2184 5439 2329 5488; x_wconf 88' lang='lat' dir='ltr'><strong>tores</strong></span> <span class='ocrx_word' id='word_1_796' title='bbox 2356 5433 2593 5496; x_wconf 88' lang='lat' dir='ltr'><strong>tradunt,</strong></span> <span class='ocrx_word' id='word_1_797' title='bbox 2618 5438 2674 5486; x_wconf 90' lang='lat' dir='ltr'><strong>et</strong></span> <span class='ocrx_word' id='word_1_798' title='bbox 2700 5431 3043 5501; x_wconf 88' lang='lat' dir='ltr'><strong>probabilius</strong></span> <span class='ocrx_word' id='word_1_799' title='bbox 3071 5436 3169 5497; x_wconf 86' lang='lat' dir='ltr'><strong>est,</strong></span> <span class='ocrx_word' id='word_1_800' title='bbox 3196 5432 3249 5484; x_wconf 92' lang='lat' dir='ltr'><strong>d.</strong></span> <span class='ocrx_word' id='word_1_801' title='bbox 3278 5435 3357 5492; x_wconf 73' lang='lat'><strong>1⁸,</strong></span> <span class='ocrx_word' id='word_1_802' title='bbox 3386 5443 3431 5484; x_wconf 81' lang='lat' dir='ltr'><strong>S.</strong></span> <span class='ocrx_word' id='word_1_803' title='bbox 3456 5436 3508 5485; x_wconf 76' lang='grc'><strong>’1.</strong></span> 
     </span>
    </p>

    <p class='ocr_par' dir='ltr' id='par_1_64' title="bbox 2184 5507 3505 5570">
     <span class='ocr_line' id='line_1_129' title="bbox 2184 5507 3505 5570; baseline -0.002 -7"><span class='ocrx_word' id='word_1_804' title='bbox 2184 5511 2291 5564; x_wconf 84' lang='lat' dir='ltr'><strong>Cur</strong></span> <span class='ocrx_word' id='word_1_805' title='bbox 2319 5515 2658 5564; x_wconf 80' lang='lat' dir='ltr'><strong>excrementa</strong></span> <span class='ocrx_word' id='word_1_806' title='bbox 2690 5510 2760 5563; x_wconf 89' lang='lat' dir='ltr'><strong>ab</strong></span> <span class='ocrx_word' id='word_1_807' title='bbox 2788 5508 3068 5564; x_wconf 76' lang='lat' dir='ltr'><strong>Aristotele</strong></span> <span class='ocrx_word' id='word_1_808' title='bbox 3096 5514 3359 5563; x_wconf 80' lang='lat' dir='ltr'><strong>vocentur</strong></span> <span class='ocrx_word' id='word_1_809' title='bbox 3380 5550 3393 5570; x_wconf 91' lang='lat'><strong>,</strong></span> <span class='ocrx_word' id='word_1_810' title='bbox 3425 5507 3505 5561; x_wconf 88' lang='lat' dir='ltr'><strong>ib.</strong></span> 
     </span>
    </p>
   </div>
   <div class='ocr_carea' id='block_1_10' title="bbox 3860 0 3872 2732">
    <p class='ocr_par' dir='ltr' id='par_1_65' title="bbox 3860 0 3872 2732">
     <span class='ocr_line' id='line_1_130' title="bbox 3860 0 3872 2732; baseline 0 0"><span class='ocrx_word' id='word_1_811' title='bbox 3860 0 3872 2732; x_wconf 95' lang='lat' dir='ltr'><strong> </strong></span> 
     </span>
    </p>
   </div>
   <div class='ocr_carea' id='block_1_11' title="bbox 3862 3069 3870 4696">
    <p class='ocr_par' dir='ltr' id='par_1_66' title="bbox 3862 3069 3870 4696">
     <span class='ocr_line' id='line_1_131' title="bbox 3862 3069 3870 4696; baseline 0 0"><span class='ocrx_word' id='word_1_812' title='bbox 3862 3069 3870 4696; x_wconf 95' lang='lat' dir='ltr'><strong> </strong></span> 
     </span>
    </p>
   </div>
  </div>
 </body>
</html>
