3892 6167
574 312 687 372 ⁵292

571 415 882 478 Clu-istum
911 432 1040 476 nou
1080 430 1217 474 esse
1261 410 1730 492 impeccabilem
1763 427 1841 472 ex
1871 412 1926 470 vi
1963 409 2133 470 modi

573 507 892 572 intrinseci
921 513 984 568 et
1009 506 1242 588 proprii
1269 503 1572 584 operandi
1597 521 1724 565 suae
1755 499 2091 566 voluntatis
2112 523 2129 576 3

571 619 716 662 cuin
747 619 874 680 quo
903 607 1116 662 tamen
1141 603 1292 673 stat,
1323 604 1395 658 ut
1423 615 1499 660 ex
1531 595 1886 658 conditione
1920 612 2135 676 perso-

571 713 696 770 nae,
725 697 788 756 et
817 711 892 754 ex
921 688 1111 754 modo
1141 690 1400 770 regendi
1430 685 1602 751 illam
1629 687 2019 750 voluntatem
2056 688 2135 750 sit

571 785 1021 868 impeccabilis.
1049 785 1124 848 Et
1151 785 1298 862 quia
1319 781 1597 846 Christus
1621 781 1983 861 simpliciter
2010 781 2135 842 dic·

573 885 675 940 tus
703 877 963 940 includit
989 877 1163 938 illam
1189 893 1530 956 personam
1555 881 1619 940 et
1643 872 1799 936 illud
1821 873 2131 954 regimen,

575 971 718 1036 ideo
765 971 1128 1052 simpliciter
1177 967 1484 1030 dicendus
1537 974 1632 1030 est
1680 965 2129 1048 impeccabilis.

575 1065 966 1146 Quapropter
994 1081 1122 1124 non
1151 1066 1247 1126 est
1285 1060 1486 1124 simile
1516 1061 1595 1122 de
1634 1058 1876 1122 Christo
1907 1064 1971 1122 et
2001 1057 2135 1120 aliis

576 1158 990 1232 confirmatis;
1027 1157 1110 1220 illi
1160 1156 1330 1220 enim
1371 1155 1454 1218 ab
1497 1154 1848 1218 extrinseco
1893 1151 2136 1214 habent

569 1255 732 1316 hanc
767 1254 1030 1334 gratiam
1054 1299 1071 1327 ,
1105 1257 1168 1314 et
1208 1251 1494 1314 absolute
1521 1249 1840 1332 loquendo
1869 1253 2135 1329 possunt

566 1345 672 1408 illa
701 1363 940 1420 carere,
964 1351 1030 1408 et
1055 1345 1198 1406 ideo
1227 1344 1510 1408 absolute
1539 1361 1789 1423 semper
1818 1348 1967 1404 sunt
1992 1359 2135 1422 pec·

567 1439 828 1516 cabiles,
871 1455 1234 1520 quanquam
1282 1437 1350 1500 in
1400 1455 1594 1500 sensu
1643 1434 2014 1516 composito,
2070 1433 2133 1496 id

567 1539 685 1609 est,
707 1531 1031 1614 supposita
1047 1531 1158 1594 tali
1179 1531 1406 1612 gratia,
1427 1547 1554 1591 non
1574 1531 1815 1611 possint
1837 1545 2129 1607 peccare,

565 1625 716 1706 quia
751 1643 882 1687 non
916 1631 1184 1704 possunt
1221 1639 1601 1703 componere
1629 1627 1956 1702 peccatum
1987 1637 2133 1682 cum

565 1717 676 1780 ina
705 1717 928 1797 gratia,
955 1733 1071 1778 seu
1093 1714 1484 1796 providentia
1504 1713 1650 1787 Dei;
1673 1711 1957 1778 Christus
1981 1731 2133 1774 vero

568 1809 853 1872 absolute
901 1806 1107 1871 dictus
1153 1807 1344 1870 habet
1387 1807 1544 1870 illud
1587 1805 1914 1868 infallibile
1962 1805 2133 1885 regi-

567 1921 752 1980 men,
783 1903 967 1982 qnasi
993 1900 1424 1974 connaturale,
1457 1905 1520 1964 et
1547 1899 1628 1962 ab
1654 1898 2027 1971 intrinseco,
2072 1903 2135 1960 et

565 1994 742 2058 nullo
771 1994 962 2057 modo
989 1999 1193 2075 potest
1219 1993 1326 2055 illo
1369 2011 1610 2066 carere.
1637 1998 1699 2055 et
1727 1989 1869 2054 ideo
1898 1991 1965 2054 in
1994 1992 2129 2070 ipso

567 2089 822 2151 nomine
847 2087 1073 2152 Christi
1101 2085 1442 2150 includitur
1469 2104 1692 2148 sensus
1719 2084 2129 2166 compositus,

569 2189 634 2268 et.
660 2182 804 2245 ideo
833 2179 1193 2262 simpliciter
1227 2187 1322 2244 est
1351 2176 1800 2259 impeccabilis.
1830 2179 2035 2260 Atque
2065 2179 2127 2240 in

567 2277 737 2338 bunc
764 2273 1046 2350 modum,
1069 2273 1390 2354 supposita
1419 2271 1832 2354 explicatione
1853 2272 1989 2351 jam
2022 2269 2129 2332 da-

565 2375 660 2439 ta,
703 2367 806 2430 hic
849 2367 1201 2448 applicatur
1250 2367 1484 2447 optime
1529 2366 1845 2430 distinctio
1895 2366 2001 2429 illa
2052 2365 2131 2427 de

568 2479 756 2526 sensu
784 2461 1130 2540 composito
1165 2465 1228 2522 et
1257 2459 1479 2522 diviso.
1513 2459 1666 2522 Nam
1694 2458 1864 2534 licet,
1894 2459 2133 2540 simpli-

497 2627 503 2633 ,
569 2555 724 2616 citer
744 2551 1086 2632 loquendo,
1109 2551 1386 2617 Christus
1408 2553 1494 2615 ita
1517 2551 1713 2615 libere
1737 2557 2127 2632 operaretur,

567 2654 659 2720 ut,
685 2645 1084 2708 considerato
1103 2646 1438 2708 intrinseco
1458 2645 1648 2706 modo
1669 2645 1975 2726 operandi
1999 2661 2128 2706 suae

565 2739 922 2813 voluntatis,
952 2746 1165 2818 posset
1193 2739 1441 2820 operari
1473 2745 1534 2802 et
1563 2757 1692 2800 non
1722 2738 1993 2818 operari,
2039 2742 2135 2798 ta-

568 2851 748 2906 men,
779 2850 855 2894 ex
883 2830 1314 2911 suppositione
1346 2831 1572 2894 divinoe
1619 2829 2025 2911 praescientiae
2072 2837 2133 2892 et

568 2923 886 3000 motionis,
937 2923 1260 2986 infallibile
1311 2929 1450 2988 erat
1495 2923 1684 2986 talem
1737 2930 1943 2986 actum
1995 2941 2133 2986 esse

567 3023 998 3099 operaturum,
1036 3025 1102 3079 et
1141 3018 1227 3080 ita
1268 3017 1332 3080 iu
1377 3035 1566 3080 sensu
1615 3017 1959 3098 composito
2001 3033 2131 3078 non

567 3115 813 3190 poterat
863 3109 1034 3172 aliud
1076 3108 1238 3184 fleri,
1270 3109 1421 3188 quia
1463 3127 1593 3170 non
1631 3114 1878 3190 poterat
1917 3108 2131 3171 divina

567 3203 957 3282 praescientia
989 3203 1153 3277 rani,
1186 3221 1398 3286 neque
1438 3200 1599 3264 alius
1627 3209 1806 3264 actus
1835 3203 2131 3282 componi

567 3315 710 3358 cum
745 3297 848 3358 tali
882 3299 1161 3359 motione
1189 3295 1422 3360 divina.

650 3391 750 3450 24.
799 3387 888 3450 Ex
917 3408 1044 3470 quo
1085 3389 1156 3452 fit
1185 3395 1276 3467 ut,
1307 3389 1622 3469 loquendo
1670 3387 1748 3452 de
1789 3387 2013 3451 Christi
2059 3385 2132 3450 li-

565 3483 809 3546 bertate
855 3481 1240 3564 simpliciter,
1272 3483 1531 3544 concedi
1580 3481 1775 3563 possit
1825 3479 2132 3562 quidquid

569 3577 800 3638 indicat
858 3573 1184 3656 proprium
1247 3573 1504 3636 modum
1571 3573 1872 3655 operandi
1935 3575 2132 3654 ipsius

569 3668 815 3741 Christi,
863 3671 924 3729 et
970 3685 1096 3729 non
1153 3666 1414 3729 involvit
1465 3665 1700 3746 aliquid
1746 3666 2131 3730 contrarium

570 3763 749 3826 dictae
793 3761 1237 3842 suppositioni3
1276 3768 1342 3823 et
1381 3762 1465 3823 ita
1517 3761 1881 3841 simpliciter
1913 3779 2131 3822 verum

567 3863 661 3918 cst
686 3852 1000 3919 Christum
1025 3855 1221 3916 libere
1250 3855 1589 3934 perfecisse
1616 3862 1829 3916 actum
1859 3871 1987 3934 quo
2016 3853 2133 3915 im·

569 3947 782 4028 plebat
808 3953 1211 4028 praeceptum,
1245 3943 1392 4026 quid
1421 3947 1510 4010 ita
1537 3947 1713 4009 illum
1741 3945 2035 4018 faciebat,
2062 3949 2133 4006 ut

571 4060 683 4122 per
709 4040 1071 4102 facultatem
1098 4041 1418 4120 propriam
1446 4059 1574 4102 suae
1599 4039 1963 4118 voluntatis,
1991 4057 2129 4118 quae

569 4135 904 4196 intrinsece
948 4133 1248 4212 impedita
1293 4151 1420 4196 non
1471 4139 1646 4210 erat,
1689 4135 1904 4214 posset
1954 4132 2132 4194 illum

569 4245 699 4288 non
729 4225 960 4288 facere.
1003 4223 1378 4305 Simpliciter
1405 4233 1618 4288 autem
1649 4224 1877 4287 falsum
1918 4230 2017 4287 est
2042 4224 2134 4286 di-

569 4338 737 4396 cere,
765 4317 1076 4382 Christum
1107 4317 1388 4398 potuisse
1415 4336 1702 4400 peccare,
1726 4325 1993 4379 autnon
2020 4318 2133 4379 im-

569 4411 742 4494 plere
770 4414 1180 4491 pracceptum,
1211 4407 1362 4488 quia
1383 4410 1515 4490 jam
1546 4409 1886 4472 includitur
1911 4428 2133 4473 sensus

569 4506 980 4588 compositus,
1013 4508 1075 4564 et
1120 4503 1431 4566 indicatur
1461 4503 1744 4584 potuisse
1771 4503 1999 4566 Christi
2024 4523 2135 4566 vo·-

569 4602 879 4663 lnntatem
903 4615 1120 4658 carere
1141 4597 1249 4658 illa
1273 4597 1483 4659 divina
1505 4597 1810 4672 custodia,
1837 4616 1981 4660 cnm
2009 4617 2133 4678 qua

569 4713 698 4756 non
743 4691 946 4772 potuit
985 4692 1280 4770 componi
1325 4699 1676 4772 peccatum.
1729 4693 1804 4754 Et
1852 4691 2137 4754 similitor

569 4788 858 4850 voluntas
887 4783 1106 4846 Christi
1147 4785 1496 4848 secundum
1523 4803 1590 4848 se
1627 4789 1835 4866 potest
1875 4785 1996 4847 dici
2025 4803 2136 4865 po·

568 4879 767 4940 tentia
783 4875 1108 4966 peccandi,
1137 4893 1248 4937 seu
1271 4895 1468 4956 capax
1490 4877 1754 4958 peccati,
1773 4883 2133 4940 nontamen

569 4977 638 5033 ut
668 4978 763 5033 est
801 4969 1092 5032 voluntas
1122 4967 1378 5045 Christi,
1408 4973 1554 5050 quia
1577 4971 1712 5050 jam
1739 4969 2134 5051 componitur

569 5085 715 5128 cum
769 5063 874 5126 illa
930 5063 1250 5126 voluntate
1307 5065 1664 5144 conjunctio
1723 5082 1868 5127 cum
1921 5065 2131 5126 divina

567 5176 862 5240 persona,
893 5176 931 5217 a
962 5173 1087 5235 qua
1130 5156 1214 5217 ita
1249 5155 1638 5235 gubernatur
1666 5163 1728 5220 et
1773 5159 2035 5238 regitur,
2061 5165 2131 5222 ut

567 5269 716 5312 cum
743 5249 848 5314 illo
878 5242 1286 5332 providentiae
1305 5267 1537 5329 genere
1567 5267 1694 5310 non
1723 5251 1922 5330 possit
1945 5251 2131 5314 simul

567 5361 705 5405 esse
753 5347 1106 5423 peccatum.
1158 5340 1257 5402 Sic
1303 5341 1495 5422 igitur
1541 5341 1858 5421 expositus
1909 5361 2131 5406 sensus

569 5435 801 5498 divisus
827 5442 890 5499 et
918 5434 1326 5512 composituS,
1355 5433 1740 5498 sufficienter
1767 5435 1949 5499 solvit
1973 5435 2131 5500 diffi-

1767 309 1999 370 QUAEST.
2038 307 2214 361 ΧΥΙΙῙ.
2253 307 2447 360 annu.
2486 306 2567 358 Ν.

2215 408 2508 470 cultatem
2550 405 2736 468 hanc.
2774 406 2847 469 Et
2876 403 3303 484 intelligentur
3342 399 3538 468 melius
3556 414 3605 469 et
3620 409 3671 470 ta-

2216 503 2391 564 cilius
2458 500 2666 560 omnia
2728 495 2914 575 dicta,
2969 499 3022 560 si
3082 499 3400 578 fingamus
3450 496 3677 564 Christum

2214 595 2413 656 Deum
2440 593 2761 656 hominem
2782 637 2801 668 ,
2830 598 2895 654 et
2920 610 3051 654 non
3076 591 3417 656 habentem
3438 591 3677 656 scientiam
3784 661 3789 676 ,

2212 686 2488 762 beatam,
2514 703 2723 766 neque
2742 685 3039 760 infusam,
3058 686 3187 746 imo
3204 701 3331 746 nec
3355 683 3683 762 cognitionem
3783 713 3789 770 Ἰ

2216 799 2343 842 suae
2372 779 2623 842 unionis
2660 778 3098 860 hypostaticas,
3130 776 3245 840 sed
3272 793 3387 856 per
3426 775 3602 853 fidem,
3620 782 3683 842 vet
3787 853 3788 866 χ

2212 874 2527 936 rationem
2566 877 2967 954 operantem;
2997 877 3147 933 tunc
3180 869 3355 932 enim
3396 886 3512 930 non
3544 871 3685 934 miuus

2215 971 2379 1028 esset
2404 964 2826 1045 impeccabilis
2854 982 2935 1025 ex
2959 961 3019 1025 vi
3046 962 3306 1032 unionis
3321 1005 3344 1038 ,
3370 979 3539 1042 quam
3560 963 3685 1028 modo

2218 1065 2341 1133 est,
2371 1064 2436 1121 et
2461 1055 2869 1120 nihilominus
2896 1075 3025 1120 non
3054 1055 3259 1137 magis
3291 1054 3686 1118 necessitatum
3787 1071 3788 1078 ¹

2214 1152 2297 1215 ad
2335 1149 2723 1234 operandum
2739 1196 2755 1225 ‚
2800 1151 2905 1214 vel
2945 1149 3333 1212 servandum
3372 1154 3684 1230 praeceptum,
3787 1167 3788 1172 ¹

2216 1263 2406 1328 quam
2435 1263 2606 1308 nunc
2649 1245 3063 1309 necessitetur
3092 1243 3289 1306 homo
3329 1259 3441 1323 per
3478 1243 3686 1322 gratiam.
3786 1313 3789 1330 ὑ

2212 1338 2315 1402 vel
2338 1339 2683 1402 motionem
2709 1338 3019 1415 divinam;
3051 1338 3201 1418 quia
3228 1353 3354 1398 nec
3375 1353 3449 1398 ex
3472 1342 3615 1415 parte
3632 1337 3690 1398 in·

2214 1431 2533 1508 tellectus,
2584 1449 2792 1512 neque
2847 1451 2925 1494 ex
2984 1433 3163 1510 parte
3214 1429 3538 1492 voluntatis
3574 1429 3691 1490 aliter

2212 1531 2607 1599 moveretur3
2639 1525 2789 1606 quia
2831 1525 2951 1586 hoc
2995 1521 3429 1588 necessarium
3452 1538 3563 1584 non
3584 1529 3693 1584 esset
3787 1541 3788 1558 ³

2214 1626 2283 1681 ut
2308 1618 2712 1681 infallibiliter
2754 1635 3083 1698 nunquam
3122 1621 3439 1700 peccaret,
3473 1632 3695 1694 nequem
3786 1643 3789 1704 4

2215 1731 2402 1776 sensu
2431 1713 2777 1792 composito
2798 1729 3062 1794 peccare
3090 1717 3335 1792 posset.

2830 1901 3049 1956 sssG'rlo
3086 1901 3146 1954 Ν
3158 1943 3169 1954 .

2214 2021 2489 2089 Quomodo
2510 2022 2767 2078 voluutas
2794 2017 3018 2088 Christi,
3051 2035 3123 2078 eo:
3164 2019 3495 2078 necessitate
3530 2019 3699 2090 Μέρη
3783 1967 3789 1985 λ

2286 2104 2481 2176 Deum,
2510 2107 2571 2162 in
2590 2103 2823 2176 reliquis
2851 2101 3065 2162 actibus
3088 2104 3343 2176 potuerit
3364 2118 3481 2164 esse
3506 2101 3655 2160 libem.
3786 2115 3788 2120 ·

2298 2279 2352 2335 l.
2400 2275 2700 2354 Expedita
2744 2272 3055 2354 superiori
3088 2273 3481 2348 difficultate,
3508 2271 3702 2334 occurrit
3787 2301 3788 2312 κ

2214 2368 2336 2429 alia
2393 2369 2655 2430 fortasse
2712 2385 2841 2429 non
2885 2366 3109 2444 minor,
3166 2374 3313 2430 orta
3363 2386 3443 2430 ex
3490 2364 3701 2428 beatifico

2214 2477 2429 2522 amore
2453 2461 2678 2522 animae
2702 2460 2947 2533 Christi,
2974 2461 3081 2540 qui
3114 2466 3255 2522 erat
3283 2459 3702 2539 simpliciterne·
3787 2481 3788 2486 ¹

2212 2553 2547 2629 cessar-ius,
2577 2559 2708 2614 tam
2760 2559 3048 2633 respectu
3096 2554 3204 2616 Dei
3244 2571 3441 2634 quam
3489 2553 3701 2630 respectu
3787 2573 3788 2580 ¹

2214 2645 2482 2726 propriae
2529 2643 2956 2709 beatitudinis.
2992 2647 3082 2708 Ex
3122 2663 3253 2726 quo
3300 2645 3394 2708 sic
3444 2659 3701 2724 argumen-
3787 2663 3788 2672 ¹

2212 2745 2345 2800 tor:
2365 2737 2650 2800 voluntas
2664 2738 2887 2801 Christi
2905 2737 3266 2800 necessario
3288 2735 3535 2800 amabat
3550 2737 3696 2797 Deum:
3786 2721 3789 2788 ἶ

2216 2848 2364 2910 ergo
2395 2837 2537 2894 actu
2557 2831 2908 2894 necessario
2921 2831 3174 2894 volebat
3184 2827 3495 2910 quidquid
3512 2827 3701 2890 adhunc
3786 2817 3788 2854 ³

2214 2941 2491 2986 amorem
2516 2925 2939 2988 necessarium
2972 2931 3141 2996 eran
3164 2943 3323 3005 ergo
3346 2925 3411 2986 in
3442 2923 3593 3004 nullo
3609 2927 3701 2980 actu
3787 2969 3788 2972 ,

2212 3015 2432 3078 habuit
2458 3017 2831 3080 libertatem.
2866 3017 3071 3080 Prima
3128 3015 3573 3097 consequentia
3605 3029 3701 3074 eon-
3786 3007 3789 3040 ⁷

2212 3115 2357 3188 stat,
2404 3115 2538 3172 tum
2590 3129 2666 3174 ex
2711 3113 2766 3174 1.
2800 3113 2862 3186 Ξ,
2915 3129 2977 3192 q.
3012 3114 3113 3183 13,
3144 3116 3208 3172 et
3237 3112 3269 3172 1
3314 3129 3411 3192 p.,
3440 3126 3497 3188 q.
3526 3101 3699 3182 82‚uhi

2212 3204 2580 3280 ostenditur,
2615 3205 3003 3268 voluntatem
3034 3205 3361 3268 efficacem
3388 3201 3527 3265 finis
3550 3216 3705 3262 neces·
3787 3225 3788 3238 κ

2215 3298 2380 3358 sario
2413 3297 2642 3360 inferre
2670 3298 3059 3360 voluntatem
3086 3295 3289 3360 medii
3318 3291 3625 3358 necessarii
3654 3287 3703 3352 ad

2212 3391 2435 3468 finem;
2469 3389 2638 3454 unde
2665 3391 2721 3454 si
2770 3391 2911 3454 talis
2938 3389 3203 3454 intentio
3261 3396 3363 3452 est
3418 3384 3703 3466 simpliciter

2212 3485 2589 3557 necessaria,
2609 3486 2725 3547 erit
2750 3484 2939 3550 etiam
2953 3485 3210 3559 electi03
3232 3487 3373 3544 tum
3392 3481 3565 3544 etiam
3584 3473 3701 3558 quia,

2214 3578 2265 3638 si
2294 3596 2473 3639 amor
2494 3577 2604 3639 Dei
2635 3583 2729 3639 est
2758 3575 2981 3640 efficax
3030 3581 3093 3638 et
3138 3572 3478 3656 perfectus,
3515 3565 3705 3634 includit

2211 3671 2544 3734 formalem
2572 3671 2671 3734 vel
2694 3671 3025 3734 virtualem
3051 3669 3441 3732 voluntatem
3482 3657 3701 3746 placendi

2212 3765 2339 3828 Deo
2366 3765 2429 3824 in
2463 3764 2783 3838 omnibus,
2806 3770 2867 3826 et
2894 3763 3164 3826 faciendi
3190 3759 3500 3842 quidquid
3540 3755 3606 3818 ad
3644 3770 3703 3813 re·

2213 3857 2543 3919 tinendam
2603 3863 2666 3920 et
2728 3857 3227 3918 conservandam
3276 3854 3399 3918 Dei
3438 3849 3703 3914 amicitiam

2213 3950 2399 4012 fuerit
2425 3951 2874 4012 necessarium.
2896 3949 2977 4012 Et
2996 3947 3147 4011 hinc
3173 3947 3481 4030 probatur
3500 3938 3703 4004 secunda

2215 4046 2688 4122 consequentia,
2705 4061 2849 4124 quae
2880 4041 3189 4123 imprimis
3212 4041 3555 4105 evidentius
3575 4036 3704 4112 urget

2213 4139 2276 4199 in
2308 4137 2549 4200 actibus
2602 4135 2953 4218 praeceptis,
2982 4137 3131 4216 qnia
3160 4138 3543 4216 praeceptum
3573 4124 3703 4190 efficit

2216 4236 2286 4293 ut
2314 4236 2491 4293 actus
2526 4235 2879 4311 praeceptus
2911 4227 3146 4290 habeat
3173 4223 3581 4291 necessariam
3602 4233 3704 4280 con-

2214 4321 2551 4384 nexionem
2600 4341 2743 4384 eum
2794 4339 3010 4384 amore
3040 4319 3275 4394 divino,
3309 4317 3456 4400 quia
3488 4321 3593 4378 non
3630 4327 3701 4387 po·

2216 4422 2335 4479 test
2363 4432 2503 4478 esse
2548 4415 2689 4476 talis
2728 4431 2908 4476 amor
2964 4415 3099 4476 sine
3130 4410 3553 4475 observatione
3577 4418 3702 4464 mau-

2214 4509 2505 4571 datorum
2525 4527 2541 4580 ;
2562 4514 2621 4568 et
2657 4507 2824 4578 idco,
2855 4506 3058 4586 posito
3090 4523 3306 4566 amore
3336 4510 3403 4566 et.
3430 4499 3698 4582 praecepit),

2220 4599 2465 4663 videtur
2484 4619 2623 4664 esse
2652 4601 2719 4662 in
2736 4601 2845 4662 illo
2871 4600 3118 4680 objecto
3148 4604 3210 4660 ct
3234 4596 3529 4678 potentia,
3546 4587 3701 4651 intrin-

2218 4710 2363 4755 seca
2388 4693 2481 4754 vis
2518 4693 2823 4755 inducens
2866 4691 3297 4754 necessitatem
3329 4687 3410 4752 ad
3436 4687 3600 4752 talem
3634 4697 3699 4738 ac·

2216 4793 2374 4848 tum.
2416 4785 2649 4849 Deinde
2678 4785 3062 4869 generaliter
3090 4783 3345 4847 extendi
3396 4783 3507 4844 hoc
3550 4775 3697 4856 potest

2214 4879 2294 4940 ad
2325 4896 2547 4942 omnes
2586 4887 2764 4940 actus
2809 4877 3149 4942 voluntatis
3192 4875 3437 4949 Christi,
3466 4886 3588 4934 nam
3626 4863 3694 4924 ille

2214 4990 2392 5034 amor
2420 4972 2692 5047 divinus,
2726 4971 2836 5054 qni
2885 4969 3245 5034 necessario
3272 4976 3407 5033 erat
3438 4969 3497 5028 in
3522 4961 3607 5025 tali
3626 4973 3697 5014 vo·

2210 5065 2477 5142 luntate,
2504 5071 2640 5128 erat
2666 5063 3183 5150 pert'ectissimus;
3210 5079 3361 5144 ergo
3407 5047 3693 5122 includebat

2211 5159 2595 5221 voluntatem
2647 5158 2901 5220 volendi
2956 5155 3259 5238 quidquid
3319 5159 3479 5218 esset
3514 5143 3691 5230 gratius

2214 5253 2379 5325 Deo;
2412 5270 2560 5314 nam
2588 5251 2709 5314 hoc
2736 5259 2829 5314 est
2865 5251 2943 5314 de
2984 5245 3566 5314 intrinseca'ratione
3587 5251 3691 5318 per*

2212 5345 2529 5406 fectissimi
2561 5346 2825 5418 amoris;
2858 5344 2971 5407 sed
3014 5345 3081 5403 in
3133 5342 3392 5422 singulis
3429 5333 3630 5402 actibus
3650 5327 3691 5386 cl

2214 5437 2473 5520 objectis
2502 5437 2924 5518 cognoscebat
2955 5437 3231 5498 Christus
3258 5433 3407 5516 quid
3434 5429 3575 5494 esset
3592 5437 3687 5502 gra·
