3892 6167
1234 330 1557 387 mserT.
1589 330 1811 389 xxxiv,
1845 330 2016 388 sm.
2052 334 2137 389 111.

140 431 400 509 assumpti
415 446 538 491 uon
557 428 716 505 sint:
733 434 822 507 ut,
833 428 1010 493 verbi
1025 430 1252 511 gratie,
1269 434 1441 513 quod
1457 452 1648 516 appe·

139 526 262 589 titus
279 523 534 597 inferior,
567 522 792 585 saltem
812 524 894 587 ad
921 524 1234 605 objectum
1253 528 1514 603 bonum,
1533 546 1648 609 po·

138 618 294 681 tuerit
317 616 622 677 interdum
673 618 912 679 moveri
966 621 1408 701 praevenisndo
1458 622 1648 687 ratio-

141 728 278 789 nem,
305 710 396 773 vel
421 708 656 791 aliquid
685 712 1071 793 huiusmodi.

687 898 910 955 SBOE'IO
939 901 1024 955 111.

139 1030 196 1085 An
211 1029 258 1085 in
274 1026 468 1083 Christo
485 1026 702 1099 fuerint
729 1038 916 1085 omnes
934 1036 1090 1087 actus
1116 1044 1214 1087 seu
1231 1031 1518 1105 passiones
1537 1044 1646 1105 ap-

605 1114 816 1186 petitus
843 1116 1114 1174 sensitivi.

201 1286 246 1345 i.
279 1280 456 1343 Divus
473 1280 776 1357 Thomas,
800 1284 866 1346 in
897 1286 957 1348 1.
985 1288 1028 1349 Β
1051 1299 1250 1365 agens
1279 1285 1360 1349 de
1387 1285 1487 1349 his
1507 1302 1650 1365 pes·

141 1376 381 1451 sionibus,
405 1392 442 1437 a
471 1390 535 1455 q.
569 1375 902 1458 22fusque
949 1379 1032 1441 ed
1058 1382 1161 1454 ts,
1212 1380 1294 1443 ad
1345 1378 1644 1443 undecim

139 1470 296 1551 capita
315 1484 414 1529 eas
435 1476 718 1546 revocat,
753 1488 897 1553 quae
917 1477 1068 1536 sunt
1081 1490 1282 1551 amor,
1314 1475 1644 1555 concupis·

137 1562 312 1633 centia,
337 1561 686 1637 delectatio,
703 1566 946 1640 odium,
975 1564 1150 1649 fuga,
1181 1569 1450 1643 tristitia,
1474 1586 1642 1649 spes,

137 1656 368 1728 audacia,
403 1654 792 1735 desperatio,
821 1660 1014 1725 timor
1057 1668 1121 1724 et
1147 1662 1262 1725 ira.
1295 1662 1386 1725 De
1413 1662 1515 1725 his
1543 1682 1646 1725 er-

137 1768 200 1831 go
220 1750 474 1811 undecim
503 1748 842 1817 effectibus
895 1756 1244 1834 generatim
1271 1756 1640 1835 quaerimus,

139 1862 198 1905 sn
217 1860 408 1904 omnes
431 1844 494 1905 in
520 1842 776 1909 Christe
801 1844 1056 1925 fuerint,
1087 1866 1217 1909 non
1231 1866 1382 1912 vero
1411 1848 1492 1912 de
1511 1868 1646 1912 om-

137 1938 278 1999 nibus
297 1936 613 2015 speciebus
637 1956 786 2017 quse
809 1940 928 2002 sub
956 1942 1220 2023 singulis
1247 1960 1466 2007 eorum
1485 1960 1646 2006 eon·

143 2032 276 2093 tincti
291 2034 558 2109 possunt.
587 2032 854 2096 Constat
871 2034 1042 2097 enim
1071 2054 1202 2099 non
1230 2038 1644 2117 assumpsisse

145 2124 388 2189 Christum
413 2142 636 2189 omnes
693 2128 944 2207 species
994 2130 1228 2195 amoris
1253 2132 1356 2193 vel
1409 2132 1646 2195 doloris

143 2218 406 2295 sensibilis,
433 2218 740 2299 quoniam
775 2223 1002 2303 aliquis
1041 2241 1224 2287 emor
1265 2230 1646 2304 potestesse

143 2313 314 2388 malus,
343 2317 402 2375 et
424 2313 652 2393 anquis
671 2314 880 2391 dolor,
911 2318 1086 2381 verbi
1115 2320 1336 2398 gretia,
1357 2336 1434 2381 ex
1463 2320 1646 2400 aegri-

141 2406 306 2469 tudine
333 2409 602 2486 corporis
625 2409 982 2489 profectus,
997 2428 1124 2475 non
1147 2412 1412 2477 decebat
1437 2413 1646 2477 Chris·-

145 2508 274 2572 tam;
301 2506 354 2563 et
378 2500 543 2563 idem
561 2506 666 2565 cst
683 2502 774 2565 de
801 2506 1042 2567 ceteris
1073 2506 1340 2584 actibus,
1372 2524 1642 2587 quorum

146 2594 330 2673 objecta
348 2593 442 2655 vel
467 2601 652 2657 erant
679 2614 720 2657 a
753 2596 999 2660 Christo
1047 2598 1279 2676 aliena,
1329 2598 1432 2661 vel
1470 2618 1644 2663 nun-

145 2704 282 2767 qnam
299 2686 378 2749 illi
405 2686 609 2751 oblatu
651 2696 852 2765 sunt3
887 2708 1096 2771 neque
1149 2696 1320 2755 enim
1347 2710 1646 2757 necessa-

143 2782 262 2841 rium
297 2786 416 2842 erat
438 2787 508 2843 ut
529 2782 756 2845 omnia
795 2784 1046 2863 obJecta
1091 2784 1408 2850 sensibilia
1453 2786 1644 2851 cade-

147 2878 248 2933 rent
271 2870 366 2933 sub
392 2890 610 2936 sensus
641 2876 808 2955 ejus.
851 2877 1122 2951 Quoestio
1151 2879 1364 2959 igitur,
1396 2886 1470 2943 ut
1487 2879 1640 2957 dixi,

147 2982 246 3025 esse
277 2972 460 3044 potest
481 2966 564 3031 de
589 2968 716 3031 iilis
751 2970 1048 3033 undecim
1067 2972 1416 3047 affectibus,
1447 2988 1640 3051 quem

151 3058 708 3125 tractati).'1'homas
747 3063 830 3125 ab
855 3070 972 3127 art.
1035 3067 1076 3129 δ
1115 3081 1318 3145 usque
1356 3066 1437 3128 ad
1461 3068 1523 3140 9,
1573 3066 1640 3129 in

147 3152 320 3229 quibus
339 3158 538 3215 tamen
567 3155 786 3219 solum
811 3156 896 3219 de
917 3156 1122 3221 tribus
1152 3160 1480 3221 affectibus
1509 3160 1642 3223 dis·

147 3246 543 3325 putnt‚sci1icet‚
563 3248 644 3311 de
669 3249 894 3313 dolore
919 3256 984 3315 et
1008 3252 1273 3325 tristitia,
1296 3268 1458 3330 quos
1479 3254 1642 3317 duos

151 3344 278 3398 aetus
301 3340 402 3401 sub
423 3342 642 3403 eadem
681 3345 934 3407 ratione
961 3344 1326 3425 complexus
1364 3354 1462 3409 est
1487 3346 1552 3407 in
1573 3349 1634 3409 1.

149 3432 192 3498 Ξ,
217 3433 336 3510 quia
357 3438 608 3515 uterque
639 3444 744 3499 est
773 3437 854 3499 de
879 3438 1046 3501 malo
1075 3439 1370 3518 prmsenti
1415 3456 1638 3519 appre-

153 3524 316 3599 henso,
355 3529 444 3589 vel
474 3531 608 3593 solu
643 3531 1130 3611 imaginatione,
1159 3534 1258 3595 vel
1283 3534 1474 3597 etiam
1499 3550 1640 3597 sen·

157 3636 212 3677 su
229 3625 458 3699 externo,
487 3626 558 3685 ut
603 3624 712 3685 hic
760 3626 974 3687 docuit
1001 3626 1188 3689 etiam
1220 3630 1286 3691 S.
1335 3628 1634 3703 Thomas,

163 3728 220 3771 ex
234 3716 464 3791 August„
491 3720 570 3779 ss
599 3718 684 3779 do
715 3717 922 3795 Civis„
945 3736 1000 3783 c.
1033 3724 1072 3783 7
1099 3727 1164 3783 et
1185 3725 1286 3785 15.
1317 3723 1638 3798 Secundo,

165 3804 328 3884 agitas
349 3808 580 3886 timore,
613 3814 684 3873 et
713 3810 796 3875 de
821 3812 1258 3889 admiratione,
1277 3832 1438 3896 qum,
1469 3816 1642 3879 uivi-

163 3896 394 3976 dehimus,
433 3904 516 3967 ad
568 3906 870 3969 timorem
907 3908 1010 3969 vel
1065 3910 1640 3989 concupiscentiam

157 4004 428 4058 revocatur.
457 3998 534 4059 m
549 4006 744 4061 tertio
765 4000 894 4080 agit
919 4001 1002 4063 de
1027 4002 1120 4063 ire
1143 4024 1162 4079 ς
1191 4003 1294 4065 isti
1319 4002 1489 4067 enim
1513 4010 1644 4067 tres

157 4084 352 4147 affectus
375 4090 766 4169 potissimum
807 4094 1132 4158 includere
1185 4096 1482 4159 videntur
1529 4097 1644 4159 de·-

155 4174 326 4241 fectum
351 4182 612 4263 aliquem
640 4206 659 4262 3
684 4193 750 4249 et
781 4189 1082 4265 quoniam
1119 4188 1220 4251 hic
1261 4190 1331 4249 Ι).
1365 4188 1642 4252 Thomas

157 4273 250 4349 agit
281 4274 348 4337 de
371 4276 730 4354 defectibus,
779 4282 860 4343 de
896 4282 1014 4345 illis
1045 4284 1402 4365 specialiter
1429 4283 1640 4364 dispu-

155 4370 248 4441 tat3
271 4368 406 4429 alios
437 4388 582 4433 vero
607 4376 1028 4454 praetermisit,
1055 4379 1204 4457 quia
1249 4392 1364 4458 per
1391 4396 1460 4441 se
1495 4378 1641 4441 nul-

155 4456 250 4519 lum
286 4462 568 4527 detectum
617 4468 944 4533 includere
989 4477 1098 4533 aut
1143 4486 1636 4551 praesupponere

155 4550 536 4637 videntuntscd
557 4562 642 4622 ad
663 4564 944 4625 materiae
961 4565 1493 4644 complementum
1511 4565 1638 4629 dis-

159 4660 413 4711 curremus
437 4652 710 4717 breviter
738 4670 854 4735 per
881 4656 1182 4735 singulos.

211 4740 438 4805 2.Primo
457 4760 606 4825 ergo
623 4755 866 4811 certum
883 4750 1328 4815 videtui-fuisse
1345 4752 1412 4813 in
1431 4751 1636 4815 Chris·

163 4832 192 4888 ti
213 4837 444 4913 appetitu
471 4856 746 4903 amorem
789 4842 1177 4920 sensibilem,
1211 4846 1358 4924 quia
1405 4845 1507 4907 hic
1533 4864 1636 4908 ac-

161 4926 234 4984 tus
253 4934 329 4988 est
349 4930 600 4994 maxime
633 4936 1058 4999 connaturalis
1101 4937 1252 5000 huic
1305 4940 1632 5019 appetitui,

165 5027 204 5078 st
226 5038 312 5100 per
327 5044 385 5086 se
404 5036 672 5094 versatur
695 5032 860 5093 circa
880 5033 1118 5095 bonum
1145 5038 1208 5097 et
1226 5035 1631 5112 conveniens,

167 5118 296 5176 otest
317 5118 766 5185 fundamentum
800 5125 1068 5187 aliorum
1103 5129 1382 5203 actuum,
1413 5134 1480 5191 et
1518 5146 1636 5207 per

169 5221 213 5264 se
234 5210 426 5272 nullam
462 5216 712 5295 requirit
747 5218 1311 5297 imperfectionem,
1351 5220 1524 5283 unde
1565 5227 1630 5285 et

1729 432 1928 497 sibilis
1949 438 1979 495 t
2008 440 2119 497 aut
2144 434 2291 515 quia
2310 440 2521 517 potest
2544 437 2823 517 cogitate
2840 436 2993 517 quin
3014 437 3297 505 Christus

1725 528 2047 601 Dominus,
2078 534 2213 593 tum
2262 531 2325 593 in
2360 536 2551 607 terra,
2597 535 2734 593 tum
2778 532 2969 595 etiam
3008 550 3191 596 nunc
3224 534 3295 597 in

1727 622 1912 699 coelo,
1945 640 2195 685 summo
2214 623 2447 687 affectu
2496 625 2773 689 sensibili
2812 632 3081 689 matrem
3108 644 3296 691 auam

1727 713 2035 789 dilexerit,
2059 716 2221 779 sicut
2275 718 2359 779 ab
2386 716 2491 780 illc
2520 718 2787 781 dilectus
2834 726 2931 783 est
2954 721 2987 785 ‘i
3017 722 3091 783 Et
3130 738 3293 800 quo-

1725 810 1897 871 nium
1927 816 2389 873 contrariorum
2416 810 2641 875 eadem
2670 818 2767 875 eet
2792 814 2974 889 ratio,
3024 814 3172 877 hinc
3194 815 3293 877 fa·

1725 904 1844 967 cile
1895 912 2147 969 constat
2198 906 2393 969 etiam
2436 908 2647 969 actum
2696 906 2822 971 odii
2882 907 2951 969 in
3006 909 3291 989 appetitu

1725 998 1949 1061 Christi
1964 1016 2101 1061 esse
2120 1000 2399 1079 potuisse
2418 1022 2438 1077 3
2460 1006 2749 1063 versatur
2768 1000 2937 1063 enim
2966 1003 3131 1065 circa
3152 1020 3291 1063 ma-

1725 1090 1860 1155 lum
1906 1098 2151 1155 netum
2198 1100 2309 1157 aut
2364 1094 2537 1157 bono
2588 1102 2799 1158 amato
2858 1096 3285 1169 contrarium;

1727 1187 1833 1265 qui
1857 1194 2073 1249 autem
2096 1187 2181 1249 ad
2208 1206 2407 1249 unum
2430 1187 2771 1251 terminum
2788 1188 3053 1264 cecedit,
3070 1206 3293 1251 neces·

1725 1296 1800 1342 se
1833 1286 1928 1341 est
1952 1285 2023 1343 ut
2052 1281 2134 1342 eb
2170 1282 2295 1345 alio
2344 1283 2657 1345 contrario
2698 1284 2969 1345 termino
3006 1282 3283 1345 recedat.

1727 1374 1804 1437 Et
1833 1372 2071 1437 easdem
2098 1375 2378 1437 rationes
2402 1374 2489 1437 ed
2532 1376 2705 1437 hunc
2742 1380 2951 1439 actum
2984 1374 3291 1455 applicari

1721 1473 2011 1547 possunt,
2032 1469 2182 1548 quia
2209 1468 2455 1531 nullum
2488 1468 2803 1533 defectum
2828 1469 2931 1531 vel
2958 1468 3289 1551 imperiec-

1722 1560 1963 1623 tionem
1982 1561 2304 1642 importat.

1803 1655 1864 1715 3.
1909 1654 2227 1729 Secunde,
2264 1660 2507 1719 certum
2556 1660 2651 1718 est
2696 1654 2891 1719 fuisse
2934 1657 3003 1718 in
3044 1656 3285 1721 Christo

1725 1752 1934 1809 actum
1966 1746 2284 1825 desiderii,
2318 1766 2433 1811 seu
2488 1749 3011 1828 concupiscentius
3058 1756 3287 1815 senem

1726 1844 1792 1905 et
1817 1840 2137 1915 honestum
2188 1842 2293 1903 hic
2332 1842 2503 1904 enim
2560 1848 2737 1906 actus
2782 1850 3071 1905 versatur
3120 1846 3289 1908 circu

1723 1933 1963 1997 bonnm
1984 1942 2268 1999 amatum
2288 1937 2461 2016 quod
2480 1937 2715 2000 absens
2746 1944 2863 2015 est,
2892 1943 2957 2001 et
2984 1938 3187 2001 tendit
3204 1939 3289 2001 ad

1725 2026 1879 2091 illud
1897 2030 2345 2110 inquirendum
2364 2037 2427 2095 et
2452 2031 2869 2095 obtinendum
2894 2053 2915 2109 ;
2944 2032 3117 2095 unde
3154 2038 3291 2097 tam

1725 2122 2033 2187 honestus
2062 2128 2127 2187 ct
2154 2123 2491 2187 conformis
2514 2126 2743 2189 rationi
2772 2142 2911 2189 esse
2932 2130 3161 2207 potest,
3202 2126 3291 2189 si-

1725 2221 1833 2279 cut
1855 2218 1989 2296 ipse
2016 2234 2215 2281 amor.
2238 2218 2457 2281 Solum
2486 2220 2787 2300 supponit
2812 2218 3155 2299 quamdam
3168 2219 3290 2283 im·

1723 2310 2200 2390 perfectionem,
2232 2312 2463 2376 scilicet
2480 2315 2827 2376 carentiam
2864 2314 3017 2375 boni
3040 2314 3235 2377 amati
3260 2330 3285 2392 ;

1721 2402 1856 2465 boec
1889 2410 2101 2466 autem
2126 2404 2361 2467 habere
2404 2406 2605 2485 potuit
2650 2407 2859 2469 locum
2906 2407 2973 2469 in
3014 2406 3281 2485 Christe,

1725 2497 1918 2559 etiam
1945 2506 2239 2579 respectu
2264 2501 2363 2563 eui
2392 2500 2675 2581 eorporis
2696 2501 2765 2563 in
2794 2506 2961 2563 statu
2980 2502 3121 2563 vitm
3140 2520 3287 2581 pas·

1723 2590 1946 2665 sibilis,
1980 2596 2049 2654 ut
2074 2608 2279 2671 perse
2302 2599 2579 2665 constan
2611 2600 2903 2673 respectu
2941 2610 3091 2657 vero
3134 2593 3287 2657 alio-

1721 2700 1886 2761 rum,
1911 2685 2141 2763 quibus
2168 2684 2361 2749 etiam
2398 2686 2761 2749 desiderare
2786 2686 2991 2767 potuit
3018 2686 3287 2749 sensibi-

1721 2776 1806 2839 lia
1831 2776 2022 2856 bone,
2054 2777 2235 2841 facile
2276 2780 2467 2842 etiam
2512 2783 2757 2843 constat
2782 2779 3063 2860 potuisse
3094 2780 3163 2841 in
3192 2780 3283 2843 eis

1723 2886 2105 2949 cognoscere
2152 2872 2567 2951 indigentiam
2620 2888 2741 2937 eeu
2792 2872 3141 2939 carentium
3194 2878 3285 2937 ta·

1719 2962 1876 3025 lium
1905 2964 2239 3027 bonorum.
2274 2968 2349 3027 Et
2400 2967 2547 3029 hinc
2582 2966 2769 3031 facile
2814 2966 3005 3031 etiam
3048 2966 3288 3048 colligi·

1719 3063 1843 3132 tur,
1873 3058 2091 3139 fugam
2120 3061 2271 3123 mali
2298 3061 2595 3125 contrarii
2620 3061 2793 3123 bono
2841 3067 3053 3125 amato
3082 3068 3146 3125 et
3172 3061 3285 3125 de·

1721 3152 1995 3217 sides-nto
2016 3154 2199 3217 facile
2222 3154 2289 3217 in
2320 3156 2603 3235 appetitu
2628 3154 2855 3219 christi
2882 3172 3021 3219 esse
3048 3154 3285 3237 potuis·

1721 3266 1814 3323 se,
1835 3255 1932 3309 est
1960 3250 2129 3311 enim
2156 3248 2381 3313 eadem
2408 3250 2591 3313 ratio.

1795 3346 1859 3403 4.
1905 3343 2137 3415 Tertio,
2172 3348 2413 3405 certum
2438 3350 2535 3405 est
2574 3350 2787 3407 actum
2840 3346 3285 3409 delectationis

1719 3452 1836 3497 seu
1861 3435 2195 3514 voluptatis
2230 3436 2541 3499 sensibilis
2564 3436 2885 3501 interdum
2904 3440 2969 3502 in
2996 3441 3287 3519 appetitu.

1719 3527 1942 3590 Christi
1991 3546 2133 3591 esse
2174 3530 2499 3609 potuisse;
2560 3530 2697 3593 haee
2742 3532 2913 3593 enim
2960 3532 3288 3597 interdum

1717 3623 2075 3685 necessario
2100 3641 2177 3685 ao
2202 3622 2577 3687 naturaliter
2616 3626 2901 3704 sequitur
2926 3644 3007 3689 ex
3058 3627 3285 3706 aliqui·

1718 3714 1840 3777 bus
1867 3717 2157 3795 objectis,
2178 3722 2245 3779 et
2268 3734 2401 3779 non
2436 3722 2533 3779 est
2558 3735 2675 3797 per
2696 3734 2768 3781 se
2796 3718 2986 3795 mela,
3016 3720 3131 3783 sed
3167 3738 3286 3783 sm-

1717 3826 1798 3890 pe
1817 3817 1914 3873 est
1943 3811 2233 3885 honesta,
2254 3816 2327 3873 ut
2354 3810 2609 3890 quando
2635 3811 2717 3873 ad
2736 3813 3283 3877 conservationem

1721 3905 2005 3985 corporis
2026 3906 2389 3967 necessaria
2418 3912 2532 3981 est,
2556 3906 2657 3967 vel
2684 3924 2763 3969 ex
2782 3907 3025 3969 actibus
3048 3907 3281 3971 hones·-

1721 4002 1806 4063 tis
1843 4000 2106 4063 resultat
2138 4018 2155 4073 ς
2212 4000 2385 4063 unde
2440 4007 2507 4063 et
2558 4002 2627 4063 in
2672 4005 2837 4065 statu
2878 4002 3284 4065 beatitudinis

1723 4094 1842 4156 erit
1875 4096 2015 4157 sine
2042 4094 2235 4156 dubio
2266 4094 2369 4157 hic
2407 4100 2607 4169 nctus,
2642 4096 2797 4158 etin
2838 4101 3001 4159 statu
3029 4096 3147 4159 vim
3182 4114 3279 4159 re·

1719 4188 1961 4267 peritur
1997 4204 2163 4267 smpe
2194 4188 2257 4249 in
2284 4188 2477 4249 rebus
2526 4188 2955 4268 spiritualibus
3004 4196 3073 4251 cl:
3124 4189 3283 4252 divi·-

1717 4281 1842 4357 nis,
1870 4284 2047 4361 juxta
2078 4282 2239 4345 illud
2268 4300 2286 4346 ε
2324 4281 2442 4347 Ger
2468 4300 2661 4347 mvn
2689 4288 2745 4347 et
2784 4300 2927 4347 earo
2950 4300 3083 4348 mea
3111 4283 3279 4347 mb-

1718 4380 2001 4440 taverunt
2028 4377 2099 4437 in
2128 4376 2321 4439 Deum
2336 4376 2565 4439 viem.

1801 4470 1862 4531 5.
1907 4469 2163 4545 Quarto,
2191 4468 2271 4531 de
2300 4486 2413 4547 spe
2460 4467 2737 4531 dubitari
2789 4472 3014 4549 potest,
3058 4474 3281 4547 quate·

1715 4580 1838 4625 nus
1849 4568 2137 4627 venatur
2148 4564 2315 4625 circa
2336 4562 2577 4625 bonum
2600 4561 2871 4625 arduum
2896 4580 3279 4642 consequen·

1715 4656 1888 4733 dum,
1919 4658 2069 4737 quia
2096 4656 2337 4719 Christo
2357 4656 2621 4717 Domino
2662 4654 2897 4717 nullius
2944 4655 3097 4717 boni
3126 4674 3279 4719 con-

1715 4751 1953 4814 secutio
1978 4749 2099 4813 sibi
2114 4750 2541 4813 convenientis
2566 4748 2817 4813 videtur
2834 4750 3037 4812 ardua
3054 4749 3272 4828 fuisse,

1713 4850 1972 4925 propter
1999 4844 2293 4905 eximiam
2321 4843 2459 4921 ejus
2502 4844 2877 4921 potentiam.
2904 4842 3031 4905 Sed
3056 4842 3273 4905 dicen-

1715 4940 1868 5001 dum
1919 4938 2055 4999 sine
2109 4936 2304 4998 dubio
2332 4942 2450 5011 est,
2494 4936 2683 4999 etiam
2712 4937 2881 4999 hunc
2920 4944 3130 4999 actum
3164 4936 3278 4999 ba-

1713 5032 1926 5095 buisse
1960 5032 2171 5092 locum
2196 5032 2265 5091 in
2283 5030 2549 5103 Christo,
2584 5029 2736 5109 quia
2778 5037 3063 5110 respectu
3092 5038 3277 5093 natu·-

1711 5127 1940 5189 ralinm
1968 5126 2201 5189 virium
2250 5140 2383 5187 sues
2416 5122 2850 5200 humanitatis,
2874 5138 3042 5203 saepe
3068 5121 3277 5204 potuit

1711 5220 1802 5284 illi
1829 5236 1961 5283 esee
1988 5218 2189 5283 ardna
2216 5224 2281 5281 et
2309 5215 2575 5279 difficilis
2617 5216 2979 5279 consecutio
3006 5216 3278 5295 alicuius

169 5296 210 5353 in
228 5306 358 5362 statu
393 5306 780 5373 beatitudinis
832 5313 1200 5393 reperietur.
1267 5313 1416 5386 Quis
1455 5315 1630 5377 enim
1707 5315 1880 5391 boni,
1938 5320 2009 5375 ut
2066 5318 2314 5375 constat
2370 5311 2453 5373 de
2506 5310 2647 5389 ipsa
2716 5309 2915 5390 gloria
2966 5310 3271 5389 corporis,

170 5389 372 5472 dubitat,
395 5398 457 5459 iu
475 5404 862 5468 sensibilibus
905 5406 1278 5485 cerporibus
1297 5406 1630 5471 beatorum

169 5480 380 5551 sumtum
407 5506 535 5555 esse
555 5509 785 5559 nexum
804 5504 872 5560 et
893 5496 1217 5565 vinculum
1239 5500 1476 5565 amoris
1487 5514 1632 5564 sen·

1709 5426 1898 5487 quam
1929 5424 2049 5489 per
2094 5406 2342 5469 labores
2368 5410 2431 5465 et
2478 5402 2831 5482 passionem
2890 5402 3269 5467 obtentum

1709 5505 1862 5564 eret.
1915 5502 2075 5579 Spes
2128 5516 2277 5563 vero
2330 5494 2666 5571 sensibilis,
2722 5494 2801 5559 de
2864 5512 2996 5575 qua
3063 5494 3273 5575 loqui·-
