3892 6167
587 315 707 376 53⁸?-
1795 319 2031 383 Qusssr.
2065 318 2237 372 ΧΧΝ.
2272 319 2473 372 Anth.
2510 321 2594 375 w.

585 437 728 498 quas
755 421 1030 484 affirmat
1056 417 1454 499 participium
1479 417 1951 498 pradestinavit
1972 465 1987 496 ,
2018 437 2149 481 uon
2232 425 2327 482 ter
2346 466 2369 497 ,
2416 428 2485 484 ut
2510 422 2593 484 sit
2618 420 2810 484 Filius
2842 421 2949 482 Dei
2972 463 2993 496 ,
3048 418 3163 480 sed
3192 423 3263 478 ιιι
3290 423 3465 479 esset
3488 417 3557 479 ia
3578 421 3763 485 virtute

585 531 666 576 ex
685 521 864 594 parte
884 510 1225 597 praedicati,
1257 509 1372 573 sed
1399 529 1477 573 ex
1499 517 1678 591 parte
1705 511 1967 593 subjecti
1996 529 2151 576 con-
2231 515 2551 578 asomum
2584 513 2899 596 Spiritum
2928 509 3460 592 sanctificationis,
3492 511 3563 574 id
3586 520 3691 588 at,
3708 521 3765 576 ιι

583 606 972 671 stituendum
997 621 1138 668 esse
1163 647 1180 678 ,
1221 603 1312 666 ita
1343 609 1412 666 ut
1439 621 1569 666 non
1595 604 1844 668 dicatur
1867 606 2150 668 Christus
2233 607 2315 668 ad
2343 623 2459 670 nos
2488 606 2905 670 descenderet
2930 623 3081 668 cum
3106 609 3425 686 potestate
3452 611 3521 668 et
3542 605 3767 669 efficati-

581 701 1062 780 praedestiuatus
1087 715 1228 761 esse
1252 697 1446 760 Filius
1473 697 1610 772 Dei,
1639 697 1756 762 sed
1781 701 1991 780 potius
2020 697 2146 776 itte,
2232 704 2359 764 tate
2400 701 2481 764 ad
2527 699 3012 764 sanctificandos
3057 699 3345 762 homiues
3392 717 3471 763 ex
3508 719 3767 768 ruwet-

583 793 692 876 qui
717 803 814 859 est
833 795 1036 858 factus
1062 797 1128 856 et
1147 791 1624 873 praedestinatus
1643 791 1995 856 secundum
2017 809 2153 856 ear·
2234 795 2396 862 tione
2431 802 2829 871 mortuorum,
2863 794 2928 856 id
2958 805 3080 867 est,
3112 793 3477 871 moriendo,
3508 799 3579 856 et
3602 813 3771 858 resur-

581 904 755 964 nem,
787 888 1030 951 dicatur
1052 903 1192 948 esse
1212 883 1405 947 Filius
1425 884 1562 948 Dei.
1593 885 1782 949 Juxta
1813 903 2008 966 quam
2034 886 2152 948 tec·
2232 888 2439 969 gendo
2482 906 2597 968 pro
2640 887 3031 963 hominibus,
3074 887 3219 968 quia
3242 891 3533 950 mortuas
3562 892 3649 950 est
3666 907 3775 970 pre-

583 981 820 1045 tionem
862 988 928 1046 et
963 976 1422 1060 expositionem
1461 977 1746 1043 Christus
1783 980 1850 1042 in
1891 998 1971 1042 eo
2010 980 2151 1042 loco
2227 986 2367 1061 pter
2388 981 2613 1046 delicta
2640 987 2873 1059 nostra,
2904 985 2961 1045 et
2980 980 3325 1044 resurrexit
3342 984 3611 1062 propter
3622 982 3777 1062 justi·

589 1077 944 1156 appellatur
981 1071 1464 1156 praedestinatus
1509 1073 1838 1151 absolut03
1877 1091 2007 1137 non
2056 1080 2155 1137 ta-
2230 1073 2576 1150 ficatt’onem
2612 1079 2910 1139 matram,
2956 1073 3099 1148 Vel,
3130 1073 3469 1137 seeundum
3498 1072 3777 1156 Spiritu·

589 1185 738 1230 men
767 1167 1116 1250 explicatur
1149 1165 1455 1228 terminus
1485 1166 1568 1228 ad
1607 1183 1799 1246 quem
1830 1168 2155 1249 praedesti·
2232 1167 2760 1246 sanctificationis,
2790 1185 2983 1248 quem
3011 1185 3094 1230 ex
3116 1167 3387 1228 mortuis
3416 1169 3779 1246 resurgendo

587 1268 774 1325 natus
801 1267 936 1340 est3
965 1277 1140 1335 nam,
1173 1259 1322 1321 licet
1341 1258 1446 1322 ille
1471 1259 1951 1340 proedestinatus
1982 1259 2152 1323 dica-
2234 1259 2319 1322 ad
2352 1279 2470 1324 nos
2506 1261 2695 1336 misit,
2740 1279 2861 1325 non
2900 1261 3058 1325 enim
3094 1261 3227 1340 fuit
3266 1259 3577 1342 Spiritus
3614 1260 3779 1325 detta

587 1362 690 1418 tur
725 1373 868 1420 esse
920 1354 1116 1418 Filius
1155 1351 1291 1427 Dei,
1327 1369 1458 1414 non
1503 1359 1719 1416 tamen
1767 1353 1997 1417 dicitur
2034 1355 2154 1418 hoc
2234 1357 2409 1420 donec
2428 1356 2613 1420 Josxe
2635 1356 2769 1436 fuit
2784 1355 3207 1440 glorificatus,-
3230 1353 3335 1416 vel
3354 1354 3649 1434 denique
3668 1357 3785 1435 quia

589 1467 730 1512 esse
757 1449 894 1512 Filii
917 1448 1054 1523 Dei,
1085 1465 1224 1510 esse
1253 1447 1597 1510 terminum
1627 1447 1798 1510 itlius
1823 1447 2153 1528 praedesti·
2232 1448 2712 1528 proedestinatus
2742 1454 2838 1511 est
2870 1454 2945 1511 ut
2971 1465 3090 1510 nos
3124 1447 3567 1510 sanctificaret
3594 1449 3785 1508 saneti-

589 1542 884 1605 netionis.
935 1539 1112 1606 Hane
1141 1540 1599 1620 expositionem
1627 1541 1822 1604 refert
1849 1541 1953 1606 hic
1978 1541 2157 1621 Caie·
2234 1539 2525 1604 ficatione
2554 1541 2833 1622 perfecte
2856 1547 2923 1604 et
2948 1545 3391 1604 consummata
3418 1540 3681 1621 qualem
3700 1542 3787 1600 ha-

587 1642 776 1697 tanus
801 1654 877 1697 ex
898 1635 1191 1715 Origene,
1213 1640 1278 1696 et
1303 1651 1434 1696 non
1459 1634 1790 1713 improbat,
1821 1635 1934 1696 sed
1947 1636 2155 1716 potius
2233 1630 2475 1694 bebunt
2503 1634 2739 1712 Sancti,
2784 1634 3041 1714 quaudo
3069 1633 3136 1697 in
3162 1633 3419 1698 Christo
3450 1651 3533 1696 ex
3562 1637 3787 1695 mortuis

585 1729 674 1790 ita
697 1729 890 1791 refert
918 1735 987 1790 ut
1006 1727 1358 1808 approbare
1385 1727 1694 1790 videatur.
1723 1727 1850 1790 Sed
1872 1745 2001 1790 non
2022 1729 2154 1810 pla·
2232 1735 2587 1805 resurgent.
2632 1725 2809 1790 Hanc
2856 1727 3315 1808 expositionem
3352 1726 3665 1789 indicavit
3698 1729 3789 1806 Cy-

585 1829 706 1885 cet.
741 1822 971 1898 Primo,
1016 1821 1168 1902 quia
1201 1826 1299 1882 est
1334 1826 1554 1882 contra
1583 1821 1867 1882 omnium
1899 1823 2151 1884 Patrum
2232 1819 2359 1892 rit..
2398 1821 2567 1882 dicto
2614 1819 2722 1882 lib.
2761 1824 2791 1883 1
2826 1820 2905 1882 ad
2941 1823 3095 1901 Reg.
3126 1843 3143 1896 ς
3180 1828 3245 1883 et
3286 1821 3539 1902 placuit
3585 1822 3787 1898 Augus-

585 1933 662 1978 ac
707 1916 1135 1996 expositorum
1189 1913 1528 1976 lectionem
1579 1931 1658 1976 ac
1697 1931 1979 1976 sensum.
2038 1915 2151 1977 Se-
2232 1913 2384 1989 tino,
2416 1913 2481 1974 in
2512 1915 2900 1996 expositione
2940 1915 3235 1976 inchoata
3270 1914 3575 1994 epistolae
3602 1913 3677 1974 ad
3698 1916 3789 1976 Ro-

583 2009 792 2071 cundo
817 2053 834 2084 ,
879 2008 1027 2088 quia
1055 2025 1182 2070 nou
1213 2007 1484 2088 quadrat
1510 2009 1826 2072 contextui
1852 2053 1873 2085 ‚
1917 2009 2033 2071 sed
2060 2009 2149 2070 illi
2231 2025 2401 2069 man.
2427 2052 2445 2082 ‚
2490 2025 2681 2090 quem
2734 2009 3021 2088 sequitur
3064 2008 3312 2072 Titetm.
3338 2056 3357 2083 ,
3408 2007 3485 2068 iu
3532 2007 3783 2069 eamden

581 2101 794 2184 potius
831 2101 958 2164 vim
999 2101 1188 2163 infert
1219 2146 1234 2174 ‚
1286 2107 1355 2163 ut
1389 2101 1620 2164 clarius
1649 2107 1824 2182 ‘patet
1861 2118 1940 2162 ex
1974 2105 2149 2163 textu
2231 2101 2585 2181 epistolam,
2613 2103 2820 2164 collat.
2848 2106 2872 2164 t
2906 2125 2925 2179 3
2956 2107 3019 2165 et
3036 2103 3232 2184 Cajet.
3254 2101 3417 2164 ibid.
3448 2103 3537 2164 Et
3554 2108 3651 2164 est
3666 2119 3783 2163 sane

584 2213 811 2275 graeco,
841 2195 971 2275 qui,
1001 2195 1084 2257 ad
1113 2195 1384 2257 litteram
1411 2193 1770 2268 translatus,
1803 2193 1896 2258 sic
1923 2194 2143 2257 habet:
2230 2194 2595 2274 probabilis,
2628 2213 2775 2257 nam
2800 2195 2956 2258 illud
2977 2195 3340 2274 relativum,
3368 2197 3495 2279 qui
3513 2197 3781 2277 predati-

584 2289 678 2352 Do
701 2289 876 2352 Filio
899 2303 1010 2352 suo
1035 2293 1196 2364 facto
1225 2305 1298 2350 ιω
1335 2288 1562 2352 semine
1592 2287 1804 2351 David
1825 2289 2149 2352 reundum
2230 2293 2417 2352 natus
2460 2293 2571 2366 est,
2618 2294 2833 2370 aperte
2876 2287 3127 2352 vid-etur
3168 2291 3419 2352 referre
3468 2291 3679 2370 ipsum
3712 2289 3777 2351 Fr

583 2399 848 2457 aarum,
889 2381 1138 2459 definito
1166 2381 1338 2444 Filio
1366 2379 1480 2444 Dei
1503 2383 1574 2443 in
1599 2380 1831 2444 virtute
1847 2403 1875 2452 ;
1915 2399 1997 2444 ex
2022 2397 2149 2460 quo
2232 2380 2387 2442 lium
2414 2380 2553 2458 Dei,
2572 2382 2653 2444 de
2678 2401 2807 2464 quo
2828 2399 3039 2444 sermo
3062 2387 3518 2462 praecesserat,
3542 2384 3702 2462 quia,
3726 2383 3781 2442 si-

581 2479 880 2537 contextu
901 2473 1070 2537 clare
1099 2474 1252 2536 satis
1275 2479 1544 2547 constet,
1572 2473 1728 2536 illud
1753 2473 2151 2555 participium
2234 2481 2341 2537 cut
2362 2475 2591 2538 dicitur
2617 2477 2726 2558 qui
2750 2479 2959 2556 factus
2984 2483 3096 2553 est,
3120 2475 3209 2538 ite
3236 2475 3513 2552 dicitur,
3540 2475 3647 2558 qui
3666 2495 3781 2559 pm-

581 2569 846 2646 deflnito,
879 2585 996 2630 seu
1011 2565 1464 2648 proedutinato,
1491 2567 1822 2648 adjective,
1853 2585 1983 2630 non
2006 2567 2153 2630 sub-
2234 2569 2571 2633 destinatus
2600 2574 2727 2640 est:
2746 2569 2948 2631 sedin
2972 2569 3167 2649 priori
3194 2575 3381 2650 parte
3406 2569 3687 2632 refertur
3708 2567 3777 2630 Pi-

583 2660 847 2722 stantive
875 2660 1102 2736 teneri,
1131 2667 1318 2742 atque
1349 2661 1510 2723 adeo
1537 2678 1666 2724 non
1695 2660 1932 2723 habero
1961 2662 2152 2723 ratio·
2233 2661 2353 2723 lius
2380 2661 2491 2724 Dei
2518 2683 2537 2738 3
2574 2679 2727 2742 ergo
2758 2667 2825 2724 et
2849 2662 2916 2723 iu
2945 2661 3297 2742 posteriori.
3350 2663 3551 2725 Unde
3580 2665 3721 2724 sieut
3738 2663 3777 2722 'u

581 2771 730 2816 nem
759 2753 1024 2834 subjecti
1047 2797 1064 2828 ,
1097 2754 1212 2816 sed
1231 2754 1581 2835 praedicati‚
1615 2755 1774 2817 sicut
1801 2761 1866 2817 et
1895 2755 2150 2836 pertici-
2232 2755 2422 2834 priori
2450 2755 2703 2818 additur
2726 2755 2833 2816 ills
2857 2756 3165 2836 particula
3192 2758 3543 2820 secundm
3564 2773 3779 2820 eume.

581 2846 756 2924 pium
803 2845 962 2908 illud
986 2890 1009 2923 ‚
1049 2851 1250 2922 faetus
1273 2891 1290 2921 ,
1341 2848 1686 2928 presertim
1731 2865 1878 2910 cum
1923 2847 2151 2910 eodem
2234 2849 2315 2910 ad
2355 2849 2753 2912 limitandum
2792 2855 2857 2912 et
2878 2851 3336 2938 ‚explicandum
3372 2853 3784 2914 terminumit-

578 2939 770 3002 modo
816 2938 1085 3017 dicatur,
1135 2941 1243 3022 qui
1283 2941 1758 3020 proedutimue
1801 2947 1914 3016 eet,
1964 2941 2147 3012 sicut.
2232 2943 2355 3006 lius
2388 2943 2733 3006 effectionis
2753 2989 2774 3020 ,
2814 2944 2902 3006 ita
2932 2945 3001 3006 in
3030 2945 3371 3025 posteriori
3408 2946 3681 3008 additur
3712 2945 3785 3006 itti

579 3033 686 3112 qui
701 3035 906 3109 factus
937 3037 1050 3097 eet.
1079 3031 1366 3112 Denique
1397 3033 1517 3095 nisi
1547 3033 1942 3114 perticipium
1968 3034 2147 3112 illud,
2234 3037 2561 3118 particula,
2592 3038 2913 3102 secundum
2944 3036 3261 3119 Spiritum
3275 3041 3785 3121 sanctificationis,

575 3125 1050 3206 proedutt'natue
1077 3171 1100 3202 ‚
1155 3126 1578 3207 conjungatur
1613 3145 1760 3189 cum
1797 3127 2009 3190 verbis
2052 3145 2153 3190 se·-
2233 3130 2737 3194 adiudicandum
2766 3137 2831 3194 et
2854 3132 3251 3195 limitandum
3270 3131 3785 3194 terminuminie

579 3218 935 3296 ementibus,
959 3218 1066 3282 vix
1089 3225 1352 3299 possunt
1377 3221 1708 3284 commode
1732 3221 2053 3301 explicari,
2083 3225 2152 3284 ut
2232 3223 2795 3304 praedestinationis
2842 3247 2859 3287 ι
2910 3225 3105 3288 Filius
3160 3225 3333 3288 enim
3390 3225 3517 3286 Dei
3562 3243 3703 3287 eum
3734 3225 3785 3284 ἐι

579 3329 656 3372 ex
675 3311 1084 3391 sequentibus
1103 3313 1308 3394 magis
1328 3315 1660 3376 constabit.
1689 3315 2151 3378 Concludamus
2235 3324 2529 3392 mex-nus,
2556 3327 2619 3381 et
2644 3337 2761 3400 per
2784 3337 2853 3382 se
2880 3319 3130 3390 beatus.
3170 3337 3303 3380 non
3332 3324 3565 3399 potest
3592 3317 3785 3397 simpli-

578 3403 789 3483 igitur,
825 3405 892 3466 in
919 3406 1040 3467 hoc
1067 3405 1206 3467 loco
1233 3405 1356 3469 dici
1386 3407 1699 3470 Christum
1729 3413 1801 3470 ut
1829 3409 2151 3470 hominem
2233 3413 2387 3475 citer
2414 3415 2538 3476 dici
2564 3415 3067 3496 proedestinatus,
3100 3421 3170 3478 ut
3196 3431 3398 3496 supra
3428 3415 3641 3477 etiam
3664 3415 3783 3476 dixi·
3829 3470 3830 3484 ,

577 3513 718 3560 esse
745 3498 1262 3578 praedestinatum
1287 3499 1515 3562 Filium
1543 3501 1697 3575 Dei,
1739 3519 1850 3563 seu
1881 3506 1955 3563 ut
1980 3505 2151 3564 esset
2230 3524 2397 3583 muS,
2429 3506 2538 3569 sed
2562 3507 3045 3588 pradestinatus
3070 3514 3191 3586 est,
3218 3514 3289 3571 ut
3316 3515 3689 3571 assumeret
3708 3509 3786 3567 tm·
3829 3539 3830 3590 2

575 3589 763 3652 Filius
783 3591 894 3652 Dei
915 3613 934 3667 ;
966 3609 1092 3672 quo
1115 3597 1332 3654 autem
1357 3609 1552 3656 sensu
1573 3592 1699 3656 hoc
1721 3594 1989 3670 dicatur,
2014 3611 2144 3656 non
2228 3602 2620 3676 manitatem,
2646 3603 2711 3662 in
2737 3620 2863 3682 qua
2887 3603 3179 3667 virtutem
3200 3621 3278 3666 ac
3292 3609 3689 3684 potestatem
3708 3603 3785 3662 ha-

575 3683 800 3746 eodem
823 3685 1014 3748 modo
1043 3685 1128 3748 ab
1159 3686 1452 3750 omnibus
1483 3687 1837 3767 exponitur.
2228 3692 2408 3757 beret
2468 3696 2897 3760 sanctificandi
2956 3697 3267 3760 homines.
3344 3699 3651 3777 Denique
3700 3699 3783 3758 hoe

655 3781 718 3840 4.
770 3778 984 3844 Tertia
1011 3779 1330 3861 expositio.
1361 3811 1442 3828 -
1471 3781 1576 3843 Est
1621 3799 1774 3860 ergo
1811 3783 1993 3844 tertia
2038 3797 2147 3843 ex·
2228 3789 2499 3851 maxime
2542 3789 2812 3867 quadrat
2856 3809 3001 3852 cum
3029 3797 3207 3854 textu
3254 3809 3503 3872 gmon,
3548 3793 3657 3872 qui
3692 3809 3783 3852 non

575 3870 824 3950 positi0‚
852 3889 994 3952 quae.
1019 3873 1186 3936 banc
1205 3873 1817 3955 praedestinationem
1844 3874 2037 3936 refert
2062 3875 2147 3938 ed
2224 3880 2419 3943 habet
2446 3883 2774 3944 relativum
2800 3883 2924 3965 qui,
2959 3882 3074 3947 sed
3099 3901 3215 3965 per
3240 3885 3571 3964 adjectiva
3598 3885 3783 3947 dieitur

576 3964 1033 4030 humanitatem
1059 3985 1200 4048 qum
1217 3967 1666 4049 proedestinata
1687 3967 1938 4046 dicitur,
1970 3974 2041 4030 ut
2066 3969 2147 4031 sit
2226 3975 2345 4036 hoc
2368 3976 2594 4060 modo:
2627 3977 2822 4040 Facto
2846 3979 3171 4042 secundum
3196 3995 3481 4052 carnem,
3506 3978 3785 4062 pra-desti

573 4059 752 4122 unita
767 4059 922 4122 Filio
941 4060 1092 4122 Dei:
1115 4061 1206 4123 ita
1229 4062 1458 4141 Aymo,
1476 4067 1541 4124 et
1557 4062 1742 4142 Hugo
1767 4061 1830 4123 in
1855 4061 2137 4124 Paulum.
2223 4071 2365 4132 nato
2410 4069 2575 4133 Filio
2616 4071 2733 4134 Dei
2769 4072 2839 4133 in
2872 4071 3098 4136 virtute
3123 4074 3461 4137 „enm
3498 4074 3783 4156 ,spis-un

575 4152 697 4216 Sed
725 4152 1034 4232 quidquid
1055 4153 1138 4216 sit
1161 4153 1244 4216 de
1270 4171 1342 4216 re
1363 4154 1532 4234 ipsa,
1565 4171 1682 4216 seu
1707 4151 1789 4216 de
1817 4155 2143 4236 praedesti·
2222 4163 2747 4241 sanctificationis.
2779 4165 2997 4227 Solum
3025 4172 3237 4248 potest
3258 4173 3490 4230 contra
3518 4168 3687 4230 hauc
3706 4183 3779 4227 ex·

451 4320 460 4328 ,
575 4247 828 4310 natione
859 4247 1292 4322 humanitatis,
1320 4245 1400 4310 de
1430 4265 1558 4328 qua
1585 4246 1750 4310 infra
1779 4249 2008 4324 dicam,
2045 4255 2145 4312 ta·-
2224 4255 2601 4334 positionem
2627 4257 2835 4337 objici,
2860 4259 3009 4338 quia
3036 4261 3295 4341 proprie
3318 4267 3389 4323 et
3406 4263 3697 4342 perfecta
3711 4277 3779 4322 ra·

575 4357 724 4400 men
763 4342 858 4416 (ut
893 4345 1063 4402 recte
1112 4341 1182 4400 D.
1230 4341 1506 4402 Thomas
1547 4341 1674 4417 liic,
1713 4348 1830 4402 art.
1867 4344 1926 4416 1,
1968 4341 2051 4404 ad
2078 4345 2141 4418 2,
2225 4348 2311 4409 tio
2342 4349 2903 4428 praedestinationis
2930 4353 3203 4416 refertur
3238 4353 3325 4416 ed
3352 4353 3523 4416 iilud
3548 4355 3771 4416 bonum.

575 4430 750 4508 dixit)
783 4431 918 4492 haec
945 4431 1250 4512 expositio
1275 4432 1451 4494 nullo
1487 4431 1678 4494 modo
1703 4439 1908 4512 potest
1932 4436 2145 4498 verbis
2226 4443 2396 4520 quod
2418 4444 2827 4508 excellentius
2852 4453 2948 4510 est
2968 4447 3033 4508 in
3064 4447 3558 4529 praedestinato,
3584 4455 3645 4512 et
3668 4448 3775 4509 ideo

575 4523 751 4586 Pauli
775 4525 1258 4586 accommodari.
1289 4527 1448 4586 Tum
1471 4525 1620 4605 quia
1643 4525 1973 4589 evidenter
1994 4545 2144 4591 con·
2226 4537 2294 4598 in
2320 4537 2497 4616 puris
2524 4540 2828 4601 creaturis
2856 4540 3323 4620 praedestinatio
3352 4542 3601 4606 dieitur
3624 4542 3685 4603 in
3704 4557 3773 4599 er-

573 4623 742 4680 stare
775 4623 983 4697 potest
1015 4635 1093 4679 ex
1121 4617 1258 4698 ipso
1285 4621 1580 4682 contextu
1607 4619 1924 4700 objectum
1956 4622 2145 4704 hujus
2226 4629 2373 4692 dine
2404 4629 2484 4692 ad
2511 4631 2992 4710 beatitudiuem,
3024 4635 3175 4716 quie
3202 4635 3325 4698 boc
3356 4643 3465 4698 est
3490 4631 3769 4715 perfectis·

571 4713 1140 4793 praedestinationis
1179 4731 1321 4776 esse
1363 4713 1586 4778 Filium
1629 4715 1777 4789 Dei,
1823 4717 1928 4779 vel
1972 4717 2143 4782 Chri·
2226 4723 2455 4786 simum
2484 4725 2725 4787 bonum
2754 4743 3009 4806 earum3
3039 4733 3279 4790 atvero
3302 4738 3615 4808 respectu
3634 4725 3767 4790 Chri-

573 4811 738 4869 stum
773 4812 847 4869 ut
881 4805 1200 4869 hominem
1221 4849 1238 4880 ,
1277 4805 1456 4868 illum
1493 4808 1662 4871 enim
1697 4808 1892 4871 refert
1926 4812 2143 4874 relati·
2226 4817 2305 4877 sti
2354 4818 2624 4894 Domini,
2678 4837 2819 4882 esse
2866 4820 3405 4884 sanctificatorem
3448 4821 3766 4888 hominum,

571 4917 722 4962 vum
753 4900 934 4977 illud,
969 4901 1076 4982 qui
1093 4923 1119 4968 ‚·
1158 4903 1292 4960 tum
1317 4900 1510 4962 etiam
1534 4901 1682 4980 quia
1721 4899 1951 4966 dicitur
1976 4923 2139 4984 pree·
2218 4925 2347 4970 nen
2378 4915 2473 4972 est
2492 4912 2899 4976 excellentius
2923 4913 3165 4977 bonum
3188 4914 3370 4993 ejus;
3398 4917 3621 4996 majus
3642 4915 3767 4977 enim

572 4989 922 5056 destinatus
951 5000 1024 5055 ut
1049 4994 1128 5057 sit
1159 4991 1350 5055 Filius
1377 4993 1490 5055 Dei
1523 5013 1543 5070 ς
1581 4999 1822 5056 atvero
1851 4993 2137 5060 humani·
2220 5008 2316 5065 est
2352 5022 2493 5067 esse
2532 5005 2757 5068 Filium
2786 5009 2897 5070 Dei
2924 5027 2942 5083 ς
2978 5026 3154 5090 ergo.
3202 5009 3332 5072 Sed
3362 5009 3511 5073 bec
3540 5007 3769 5090 obiectio

568 5093 667 5148 tas
701 5104 904 5167 neque
934 5092 1030 5148 est
1055 5087 1248 5148 Filius
1273 5084 1420 5162 Dei,
1451 5103 1662 5167 neque
1687 5087 2135 5168 praedestinata
2217 5112 2348 5157 nou
2394 5103 2491 5160 est
2528 5101 2745 5181 magni
2782 5102 3117 5178 momenti,
3154 5107 3297 5166 tum
3332 5105 3496 5183 quia
3542 5121 3668 5166 nou
3702 5101 3767 5160 est

569 5183 667 5241 est
696 5183 765 5242 ut
791 5178 870 5242 sit
895 5179 1092 5242 Filius
1111 5180 1247 5242 Dei.
2221 5205 2481 5252 necesse
2528 5193 2793 5256 Paulum
2832 5194 3005 5275 loqui
3048 5195 3129 5258 de
3164 5195 3639 5278 perfectissimo
3674 5201 3769 5256 ter-
3825 5204 3826 5218 ¹

648 5275 708 5336 Β.
758 5273 994 5348 Quarta
1035 5273 1352 5354 expositio.
1407 5303 1488 5322 -
1529 5273 1638 5336 Est
1675 5275 1868 5354 igitur
1909 5285 2137 5358 quarta
2217 5282 2391 5345 mino
2443 5285 3043 5364 praedestinationis3
3096 5295 3231 5353 tum
3276 5291 3477 5354 etiam
3522 5291 3699 5372 quia,
3728 5285 3765 5345 si

567 5365 896 5447 expositio,
919 5364 1259 5443 Christum,
1285 5365 1386 5430 vel
1407 5365 1634 5430 Filium
1661 5367 1798 5448 Dei,
1827 5370 1951 5434 dici
1970 5389 2135 5453 prae-
2216 5375 2353 5458 ipse
2380 5377 2573 5442 Filius
2598 5381 2705 5444 Dei
2735 5387 2833 5444 est
2860 5380 3181 5463 objectum
3208 5383 3359 5447 talis
3386 5383 3763 5466 praedestina·

567 5459 948 5526 destinatum
973 5505 990 5537 ,
1033 5475 1164 5523 nou
1193 5465 1404 5526 tamen
1433 5459 1720 5526 absolute
1747 5469 1810 5528 et
1835 5465 2131 5546 simplici·
2214 5469 2424 5548 tionis,
2469 5477 2539 5536 ut
2565 5472 2727 5541 dicta
2760 5475 3066 5556 expositio
3094 5477 3427 5556 supponit,
3458 5495 3591 5540 nou
3618 5483 3761 5558 pote·
