3892 6167
529 307 650 374 306
1739 305 1973 368 QUAEST.
2005 303 2179 358 XVlfl.
2206 303 2405 358 Anne.
2444 305 2523 358 Vl.

608 414 672 474 4.
717 409 940 478 Etiam
980 408 1050 470 in
1093 406 1364 486 portione
1407 401 1708 486 superiori
1747 403 2085 468 voluntatis

535 503 766 571 Christi
815 502 1095 570 tristitioe
1144 504 1314 564 actm
1363 498 1552 562 locum
1585 495 1821 560 habuit.
1860 529 1940 544 —
1986 495 2089 556 Di-

530 619 605 664 co
637 618 782 678 quai
799 605 886 672 to,
919 595 1109 658 etiam
1137 593 1202 654 in
1227 591 1512 674 portione
1533 589 1839 670 superiori
1870 587 2091 652 volun·-

530 694 675 758 tatis
691 695 982 754 humanae
1002 685 1223 750 Christi
1248 684 1504 748 tristitiae
1524 689 1734 746 actum
1751 682 1957 746 locum
1976 683 2091 746 ha-

532 787 768 851 buisse.
799 785 998 848 Tenet
1027 783 1220 856 Scot.,
1252 779 1393 842 dist.
1427 779 1503 840 15
1536 796 1550 854 ;
1585 775 1850 852 Bonav„
1893 775 1954 838 d.
1989 779 2087 852 16,

533 887 649 946 art.
679 885 740 954 2,
773 897 835 958 q.
867 882 904 942 2
933 881 996 939 et
1031 878 1070 938 3
1105 893 1120 947 ;
1150 873 1366 945 Gabr.,
1404 871 1546 934 dist.
1576 871 1678 948 15,
1718 877 1830 934 art.
1863 877 1928 948 2,
1958 869 2025 932 in
2056 871 2085 931 1

531 995 597 1056 p.
633 974 822 1036 illius.
854 973 928 1034 Et
957 969 1284 1052 probatur,
1317 967 1463 1047 quia
1492 965 1772 1028 Christus
1799 973 1870 1028 ut
1899 965 2091 1028 homo

537 1067 852 1130 tristitiam
871 1064 1092 1128 habuit
1129 1068 1386 1144 propter
1419 1066 1678 1140 peccata
1719 1059 2091 1131 hominum;

536 1163 689 1244 quin
719 1159 927 1242 potius
949 1157 1182 1232 Sancti,
1200 1156 1582 1237 explicantes
1605 1172 1826 1216 causas
1854 1151 2099 1214 sudoris

536 1253 868 1336 sanguinei
899 1251 1146 1327 Christi,
1193 1250 1474 1312 sentiunt
1515 1247 1720 1328 magis
1767 1246 1959 1310 fuisse
1992 1263 2097 1308 or-

533 1356 666 1412 tum
691 1367 768 1411 ex
796 1343 1298 1410 consideratione
1319 1345 1720 1424 peccatorum
1736 1341 2085 1416 hominum,

537 1447 600 1504 et
629 1460 706 1504 ex
735 1439 980 1502 tristitia
1005 1435 1150 1500 inde
1169 1442 1492 1516 concepta,
1538 1453 1732 1516 quam
1765 1453 1844 1498 ex
1894 1431 2091 1496 consi·

535 1535 860 1600 deratione
903 1531 1171 1614 propriae
1209 1531 1451 1593 mortis.
1499 1531 1624 1593 Sed
1667 1529 1804 1592 hoec
1841 1527 2091 1590 tristitia

535 1629 805 1710 pertinet
833 1625 915 1686 ad
935 1626 1250 1688 rationem
1281 1623 1694 1704 superiorem,
1727 1623 1876 1702 quia
1902 1619 2093 1700 potis-

538 1723 770 1783 simum
787 1717 1170 1781 fundabatur
1194 1717 1258 1777 in
1283 1715 1498 1778 divina
1513 1716 1884 1790 offensione,
1907 1731 2099 1794 quam

541 1813 943 1880 considerare
991 1818 1052 1874 et
1098 1808 1474 1892 ponderare,
1514 1811 1838 1892 proprium
1869 1826 2101 1870 munus

542 1917 638 1972 est
661 1905 1003 1988 superioris
1026 1904 1306 1967 rationis.
1335 1904 1630 1968 Similiter
1651 1904 1963 1967 tristitiam
1992 1903 2103 1962 ha-

539 2003 673 2066 huit
693 2001 971 2065 Christus
1001 1999 1078 2061 de
1107 1998 1459 2079 perditione
1479 1999 1514 2062 J
1520 1999 1684 2072 udae,
1711 2001 1775 2062 et
1791 1996 1971 2060 ruina
1994 1997 2105 2058 Ju-

542 2097 845 2170 daeorum,
877 2094 1036 2155 adeo
1075 2097 1146 2154 ut
1179 2092 1598 2172 Hieronymus
1621 2097 1683 2154 et
1709 2089 1983 2152 Hilarius
2010 2087 2105 2150 di-

543 2192 748 2254 xerint
763 2190 964 2270 magis
995 2187 1267 2250 doluisse
1298 2187 1612 2248 Christum
1643 2185 1722 2248 de
1755 2189 1957 2248 morte
1990 2201 2105 2246 sua

541 2290 798 2366 propter
849 2282 1099 2344 ruinam
1153 2279 1540 2356 «ludaeorum,
1599 2297 1790 2360 quam
1845 2285 2105 2360 propter

493 2405 496 2413 ·
543 2397 729 2442 suum
755 2373 1220 2439 incommodum
1249 2391 1271 2454 3
1306 2373 1418 2436 sed
1449 2375 1568 2436 hoc
1617 2375 1804 2436 etiam
1832 2372 2107 2453 pertinet

545 2473 626 2536 ad
654 2471 1006 2554 portionem
1033 2467 1446 2550 superiorem,
1474 2467 1802 2530 eratenim
1825 2485 1983 2546 opus
2012 2465 2109 2526 in-

545 2567 740 2650 signis
789 2563 1128 2627 charitatis.
1191 2563 1268 2624 Et
1323 2581 1398 2624 ex
1441 2557 1548 2622 his
1589 2561 1892 2642 exemplis
1925 2559 2107 2622 facile

545 2665 790 2724 constat
843 2659 1001 2720 ratio
1060 2657 1251 2736 hujus
1297 2653 1737 2728 conclusionis,
1796 2655 1945 2733 quia
2006 2653 2111 2714 hie

547 2755 736 2818 etiam
761 2751 1021 2814 affectus
1047 2755 1140 2813 est
1169 2749 1444 2830 optimus
1489 2753 1552 2810 et
1606 2748 2106 2823 honestissimae,

549 2854 613 2910 et
639 2845 822 2908 valde
851 2849 1314 2908 consentaneus
1339 2841 1529 2905 statui
1556 2841 1778 2904 Christi
1825 2842 1889 2902 in
1919 2857 2109 2904 carne

547 2937 850 3022 passibili,
878 2943 940 3000 et
965 2938 1046 3000 ad
1075 2935 1580 3000 satisfaciendum
1607 2953 1722 3018 pro
1747 2935 2109 2996 hominibus

548 3033 732 3096 valde
763 3031 1293 3094 accommodatus.

631 3130 694 3190 5.
745 3123 1006 3205 Objwtio
1029 3125 1258 3210 prima.
1279 3154 1361 3169 ——
1396 3123 1745 3202 Responsio.
1774 3155 1854 3168 —
1881 3122 2109 3184 Contra

551 3222 716 3282 hanc
769 3237 917 3280 vero
969 3217 1250 3280 ultimam
1307 3215 1776 3278 conclusionem
1833 3214 2110 3278 sentiunt

553 3313 840 3378 nonnulli
862 3312 1186 3392 Theologi,
1235 3311 1400 3374 inter
1441 3329 1598 3392 quos
1641 3316 1738 3372 est
1783 3311 2113 3386 Hem-ioue,

557 3427 748 3490 supra
777 3408 948 3472 dicto
973 3405 1196 3484 Quodl.
1231 3407 1293 3482 8,
1327 3421 1389 3484 q.
1423 3409 1484 3480 7,
1512 3410 1574 3466 et
1611 3404 1804 3484 Cajet.
1837 3404 2019 3481 infra,
2048 3421 2111 3482 q.

555 3505 658 3578 46,
690 3507 805 3563 art.
839 3505 901 3574 7,
926 3500 1034 3562 ubi
1081 3504 1408 3580 propterea
1453 3497 1676 3580 inquit,
1719 3498 1951 3560 dictam
1980 3498 2119 3560 tris-

557 3596 754 3659 titiam
779 3615 818 3658 a
843 3595 1024 3656 nobis
1067 3593 1440 3674 explicatam
1479 3591 1792 3672 pertinere
1819 3593 1901 3656 ad
1932 3593 2117 3653 ratio-

554 3707 700 3752 nem
731 3687 1115 3758 inferiorern,
1149 3688 1300 3768 quia
1341 3689 1479 3748 erat
1521 3685 1602 3748 de
1634 3685 1896 3766 objectis
1950 3691 2117 3748 tem-

557 3783 901 3864 poralibus,
931 3789 992 3846 et
1013 3780 1322 3844 inferioris
1345 3780 1658 3852 rationis-3
1701 3785 1763 3842 et
1806 3780 1890 3844 ita
1922 3798 2119 3860 expo-

557 3877 654 3940 nit
673 3877 747 3938 D.
777 3875 1082 3938 Thomam
1119 3875 1243 3949 ibi,
1277 3892 1640 3954 quanquam
1680 3875 1818 3954 ipse
1848 3872 2120 3934 fateatur

559 3969 1014 4032 dissensionem
1035 3967 1243 4048 potius
1273 3985 1414 4030 esse
1445 3965 1526 4028 de
1565 3964 1754 4028 modo
1787 3962 2115 4046 loquendi,

561 4081 754 4144 quam
801 4061 880 4124 de
939 4079 1032 4124 re.
1077 4060 1496 4122 Nihilominus
1535 4065 1750 4122 tamen
1777 4064 1932 4140 puto
1978 4075 2118 4136 pro-

561 4158 736 4238 prius
768 4173 842 4218 ac
878 4156 1088 4218 verius
1119 4153 1265 4230 dici,
1297 4154 1438 4215 illos
1465 4159 1642 4214 actus
1694 4153 1775 4214 ad
1805 4154 2118 4214 rationem

562 4250 952 4332 superiorem
999 4247 1339 4328 pertinere,
1383 4247 1553 4326 quia,
1593 4253 1663 4309 ut
1715 4263 1908 4328 supra
1947 4245 2119 4307 dice-

561 4344 735 4419 bam,
775 4341 1272 4422 uniuscnjusque
1313 4339 1610 4420 potentioe
1653 4339 1812 4401 ratio
1865 4357 1942 4400 ex
1996 4339 2125 4400 for-

561 4435 714 4500 mali
733 4435 940 4516 potius
956 4434 1211 4508 motivo,
1233 4451 1424 4514 quam
1453 4451 1532 4496 ex
1560 4433 1848 4512 materia,
1865 4449 2127 4494 sumen-

565 4529 648 4594 da
660 4527 1193 4608 est.Deinde,quia
1210 4527 1568 4590 commissio
1589 4523 1869 4588 mortalis
1883 4525 2124 4608 peccati

567 4622 652 4686 ad
659 4622 968 4684 rationem
985 4619 1372 4702 superiorem
1386 4621 1658 4702 pertinet
1671 4625 1985 4700 quatenus
2001 4621 2122 4683 tale

568 4721 898 4796 peccatum
916 4721 1011 4778 est
1033 4714 1274 4776 aversio
1293 4731 1330 4775 a
1345 4715 1474 4776 Deo
1499 4736 1516 4778 :
1545 4731 1694 4794 ergo
1705 4713 1902 4776 multo
1922 4713 2127 4794 magis

567 4811 744 4872 dolor
795 4808 874 4870 de
897 4811 1180 4889 peccatu,
1234 4813 1549 4887 quatenus
1583 4811 1680 4870 est
1719 4805 1961 4868 offensa
1990 4807 2123 4883 Dei,

567 4902 650 4966 ad
676 4903 1064 4982 superiorem
1109 4901 1462 4982 portionem
1513 4900 1823 4979 pertinet3
1863 4917 2015 4980 ergo
2060 4906 2123 4962 et

567 4995 862 5077 praedicta
904 4994 1130 5058 Christi
1156 4994 1423 5056 tristitia.
1453 4993 1734 5054 Tandem
1764 4993 1924 5056 velle
1954 5011 2125 5054 mor-

566 5096 696 5153 tem
720 5095 976 5176 propter
1005 5087 1502 5168 redemptionem
1531 5087 1858 5148 hominum
1883 5093 1944 5148 et
1973 5087 2125 5150 obe-

567 5182 868 5246 dientiam
888 5181 1110 5258 PatriS,
1144 5185 1280 5244 erat
1303 5181 1438 5242 sine
1458 5180 1648 5242 dubio
1673 5188 1843 5242 actus
1862 5181 2124 5244 rationis

565 5275 927 5358 superioris,
958 5273 1126 5354 quia,
1168 5274 1316 5336 licet
1335 5273 1602 5336 materia
1622 5276 1790 5336 esset
1813 5273 2121 5354 humana,

564 5376 778 5434 tamen
805 5369 1111 5432 motivum
1142 5372 1206 5430 et
1225 5367 1382 5429 ratio
1431 5373 1567 5429 erat
1589 5367 1916 5445 altissima,
1943 5375 2009 5432 et
2026 5388 2127 5432 su-

564 5479 830 5545 prema;
864 5479 1014 5544 ergo
1051 5461 1225 5526 idem
1272 5463 1390 5524 erit
1440 5459 1519 5523 de
1567 5461 1839 5524 tristitia.
1891 5463 2017 5527 Nec
2056 5465 2121 5526 S.

2166 403 2439 464 Thomas
2472 420 2753 484 unquam
2783 404 3137 484 oppositum
3166 402 3411 480 docuit,
3436 407 3535 468 sed
3560 410 3609 470 in
3626 429 3679 474 ec

2166 496 2305 558 loco
2344 497 2547 563 solum
2589 498 2774 561 docet
2798 499 3150 578 portionem
3201 499 3581 577 superiorem
3606 522 3682 566 vo-

2167 590 2424 654 luntatis
2450 591 2673 656 Christi
2700 611 2831 654 non
2850 611 2993 656 esse
3014 611 3278 672 passam
3309 593 3603 656 tristitiam
3622 600 3681 658 ab

2170 686 2413 763 objecto
2442 706 2580 762 suc,
2604 688 2776 766 quod
2819 694 2925 752 est
2946 689 3133 762 Deus,
3168 688 3329 768 qaia
3386 687 3489 754 illo
3530 692 3689 768 potius

2170 779 2441 859 perfecte
2466 781 2825 856 fruebatur3
2846 787 2907 844 et
2926 781 3049 844 hoc
3074 781 3275 846 modo
3302 781 3427 844 dici
3444 783 3690 860 quodam·

2172 873 2359 936 modo
2387 881 2627 956 posset,
2658 876 2947 955 quamvis
2986 875 3201 956 aliqua
3256 875 3506 938 tristitia
3551 876 3691 940 tuerit

2173 965 2239 1025 in
2268 967 2580 1048 superiori
2601 968 2889 1049 portione
2934 967 3181 1044 Christi,
3232 969 3391 1048 quia
3416 969 3695 1048 regulaha·

2179 1063 2282 1120 tur
2302 1076 2417 1139 per
2438 1061 2693 1140 regulas
2721 1079 3053 1140 supremas
3076 1069 3141 1123 et
3170 1068 3475 1135 aeternas,
3501 1081 3609 1124 uon
3630 1071 3694 1126 ts·

2179 1170 2326 1214 men
2354 1151 2545 1216 fuisse
2580 1156 2763 1234 quasi
2790 1156 2853 1216 in
2884 1173 3181 1236 suprema
3204 1161 3395 1234 parte
3416 1155 3571 1218 illius
3590 1175 3695 1236 por-

2180 1246 2392 1322 tionis,
2424 1265 2551 1326 qua
2600 1249 2929 1330 attingitur
2956 1249 3125 1314 Deus
3158 1251 3301 1329 ipse
3352 1249 3418 1312 in
3452 1268 3536 1312 se.
3580 1252 3695 1312 Pm-

2180 1341 2393 1404 sertim
2426 1343 2569 1421 qnia
2600 1344 2709 1406 illa
2746 1345 2973 1406 eadem
3000 1345 3277 1418 tristitia,
3320 1361 3465 1424 qum
3502 1351 3613 1406 erat
3648 1348 3695 1408 in

2170 1436 2413 1498 ratione
2446 1439 2785 1517 superiori,
2818 1439 3274 1503 admittebatur
3300 1446 3367 1502 et
3406 1438 3697 1518 eligebatur

2173 1529 2291 1590 sub
2316 1530 2460 1593 aliis
2480 1532 2856 1607 rationibus,
2896 1533 3085 1595 etiam
3136 1533 3459 1612 supremis
3494 1537 3699 1596 etaeter·

2172 1621 2271 1684 nis
2296 1642 2315 1696 ;
2350 1631 2415 1686 et
2438 1624 2757 1706 objectum
2780 1625 2987 1706 ipsum
3012 1626 3425 1702 contristans,
3452 1625 3602 1704 qnod
3612 1628 3699 1688 sub

2183 1717 2395 1796 aliqua
2423 1718 2732 1799 superiori
2752 1720 2999 1782 ratione
3028 1719 3440 1800 displicebat,
3470 1719 3574 1780 sub
3612 1719 3699 1782 alis

2184 1813 2387 1892 magis
2430 1813 2763 1894 superiori,
2814 1814 2911 1876 vel
2976 1813 3339 1886 amabatur,
3404 1813 3457 1874 si
3506 1819 3701 1874 tantum

2184 1911 2320 1966 erat
2372 1906 2607 1969 malum
2646 1923 2857 1986 poenae
2886 1953 2907 1984 ,
2966 1907 3069 1969 vel
3125 1908 3623 1987 permittebatur,
3664 1908 3701 1969 si

2186 1998 2406 2078 culpas,
2452 2000 2601 2080 quia
2648 2001 2939 2064 voluutas
2966 2000 3193 2064 Christi
3250 2002 3323 2064 in
3376 2001 3599 2062 ratione
3624 2019 3701 2062 vo-

2184 2092 2354 2155 lendi
2380 2111 2629 2174 semper
2654 2101 2789 2158 erat
2816 2094 3155 2158 conformis
3196 2094 3459 2170 divium,
3488 2101 3551 2156 ut
3576 2094 3701 2154 dice·

2184 2205 2348 2250 mus.
2384 2188 2459 2250 Et
2487 2188 2575 2248 ita
2602 2193 2847 2250 constat
2868 2189 2931 2250 in
2970 2207 3041 2250 re
3070 2207 3201 2252 non
3250 2207 3398 2251 esse
3432 2188 3700 2250 diversita-

2185 2285 2337 2354 tem,
2372 2285 2433 2342 et
2458 2279 2641 2344 facile
2668 2299 2851 2361 posse
2884 2281 3215 2362 opiniones
3242 2281 3579 2344 conciliari.

2268 2375 2329 2436 6.
2374 2372 2635 2454 Objeotto
2663 2376 2938 2440 secunda.
2981 2407 3065 2422 -
3094 2375 3457 2456 Responsio.
3496 2405 3567 2422 -
3591 2373 3699 2438 Con·

2184 2471 2451 2547 fetatur.
2474 2469 2708 2532 -Una
2728 2486 2879 2530 vero
2914 2475 3201 2548 superest
3242 2469 3373 2530 hoc
3424 2467 3553 2530 loco
3590 2467 3701 2526 diffi-

2192 2559 2412 2632 cultaS,
2447 2559 2725 2642 vulgaris
2749 2561 3027 2640 quidem,
3082 2562 3195 2624 sed
3223 2561 3463 2644 gravis,
3490 2579 3697 2640 quomo-

2192 2653 2297 2723 do,
2321 2653 2578 2728 scilicet,
2612 2655 2677 2716 in
2706 2655 2929 2716 eadem
2952 2655 3300 2732 voluntate,
3340 2663 3405 2718 et
3432 2657 3492 2717 in
3528 2654 3699 2716 eadem

2193 2745 2503 2826 superiori
2526 2753 2705 2826 parte
2734 2747 2901 2809 illius
2934 2750 3211 2827 potuerit
3230 2749 3427 2812 simul
3459 2751 3613 2810 tanta
3630 2765 3699 2806 es·

2192 2859 2259 2902 se
2286 2841 2553 2915 tristitia,
2576 2860 2719 2902 cum
2748 2841 3197 2922 perfectissima
3240 2841 3541 2906 fruitione
3564 2842 3699 2900 beata

2192 2951 2317 3012 qua
2344 2935 2565 2998 Christi
2596 2937 2805 3000 anima
2830 2955 3081 3016 semper
3106 2937 3311 3016 potita-
3352 2943 3466 3002 est.
3496 2939 3697 3012 Propter

2189 3027 2353 3090 hanc
2382 3028 2810 3092 difficultatem
2841 3031 3033 3103 Cano,
3062 3031 3167 3093 lib.
3200 3033 3285 3092 ¹2
3326 3031 3412 3092 de
3441 3029 3615 3104 Locis,
3656 3045 3693 3086 c.

2192 3123 2291 3196 ¹4,
2324 3121 2475 3183 dicit
2498 3125 2779 3186 animam
2806 3124 3031 3188 Christi
3050 3125 3425 3186 sustinuisse
3442 3120 3695 3186 interdum

2192 3215 2489 3294 gaudium
2514 3217 2899 3290 beatificum„
2930 3224 2997 3278 ut
3025 3217 3291 3282 tristitias
3318 3219 3523 3282 locum
3546 3215 3695 3276 daret.

2198 3310 2376 3382 Quod
2408 3310 2541 3370 sine
2568 3311 2695 3372 ulla
2720 3312 3087 3391 probatione
3134 3312 3427 3386 affirmat,
3478 3316 3537 3370 ut
3560 3308 3696 3370 evitet

2195 3403 2322 3464 vim
2356 3405 2731 3482 argumenti.
2766 3407 2843 3466 At
2868 3423 3007 3466 eam
3066 3405 3449 3478 sententiam
3500 3399 3694 3464 Hearie·

2198 3513 2385 3576 supra
2420 3497 2568 3558 dicit
2596 3515 2735 3558 esse
2760 3497 2911 3560 fidei
2940 3498 3321 3562 contrariam
3348 3518 3362 3571 ς
3404 3514 3515 3577 ego
3530 3494 3697 3556 salsam

2199 3596 2265 3652 ct
2300 3590 2701 3652 temerariam
2744 3591 2917 3656 illam
2942 3593 3252 3666 existimo,
3288 3599 3351 3654 et
3383 3596 3583 3653 contra
3604 3601 3699 3646 om-

2198 3702 2313 3746 nes
2339 3683 2714 3764 'theologum
2742 3685 2937 3765 quiin
2964 3686 3081 3746 hac
3114 3685 3481 3746 difficultate
3516 3685 3701 3744 contra·

2198 3779 2357 3840 riam
2386 3781 2763 3842 sententiam
2800 3787 2866 3841 ut
2893 3785 3130 3844 sertam
3155 3785 3423 3860 ponunt.
3446 3780 3515 3840 Et
3546 3773 3696 3854 primo

2200 3879 2414 3936 contra
2446 3871 2617 3934 illam
2648 3873 2836 3952 objici
2866 3880 3073 3952 potest
3096 3875 3273 3936 locus
3314 3873 3421 3936 illo
3452 3868 3695 3932 canticor-

2199 3969 2239 4028 3
2267 3983 2281 4026 :
2314 3966 2709 4046 Byr-adiment
2728 3973 2789 4031 et
2814 3966 3187 4046 videtefiliae
3208 3965 3395 4041 Sion,
3414 3977 3589 4042 ream
3612 3955 3697 4020 Sa·

2198 4059 2506 4134 lomonem,
2532 4061 2603 4122 in
2626 4060 2985 4136 diademate,
3010 4077 3125 4140 quo
3146 4059 3457 4124 manavit
3473 4069 3585 4122 eum
3610 4063 3699 4108 M·

2200 4157 2295 4216 tor
2319 4169 2435 4214 sua
2465 4153 2535 4214 in
2578 4153 2673 4218 die
2718 4152 3193 4234 desponsationis
3227 4153 3425 4226 iuius,
3463 4155 3514 4212 ot
3536 4148 3595 4208 iu
3628 4140 3699 4202 ὅθ

2204 4244 2439 4308 loecitioe
2460 4246 2659 4309 cordis
2699 4246 2854 4327 ejvs,
2880 4247 3057 4327 juxta
3088 4245 3477 4327 probabilem
3500 4239 3697 4302 Sancto·

2204 4356 2345 4398 rum
2376 4339 2629 4400 Pati-um
2660 4341 3140 4419 expositionem,
3176 4341 3286 4418 qui
3336 4355 3449 4420 per
3466 4331 3693 4398 diadema

2206 4432 2557 4494 Salomonis
2603 4433 2961 4514 intelligunt
3000 4434 3286 4514 spineam
3315 4429 3523 4496 Christi
3564 4437 3695 4486 001'0·

2206 4543 2377 4603 nam,
2416 4545 2541 4606 qua
2568 4534 2906 4590 coronatus
2935 4528 3119 4590 estin
3146 4527 3247 4590 die
3275 4523 3562 4607 passionis
3580 4531 3687 4584 suffr,

2206 4639 2395 4702 quem
2425 4621 2641 4682 dicunt
2684 4639 2825 4682 esse
2854 4621 3024 4685 diem
3070 4621 3297 4684 loetitiae.
3342 4616 3534 4682 cordis
3570 4609 3688 4705 ‘ejus'

2208 4717 2358 4794 quia
2380 4715 2447 4776 in
2473 4733 2551 4777 eo
2570 4717 2840 4778 maxime
2858 4715 3107 4776 laetatus
3150 4720 3248 4778 est
3272 4713 3502 4794 spiritu,
3528 4717 3689 4785 quam·

2206 4809 2303 4870 vis
2331 4827 2595 4888 corpore
2622 4809 2897 4870 maxime
2930 4807 3189 4883 doleret,
3224 4811 3410 4887 prout
3436 4795 3685 4880 exponusst

2203 4902 2463 4980 Gregor.
2496 4903 2707 4982 Nysa„
2733 4901 3064 4977 Maximus,
3092 4908 3157 4962 et
3192 4901 3391 4976 Nilus,
3418 4911 3555 4977 quos
3570 4887 3687 4948 The·

2204 4994 2446 5056 odoret.
2492 4995 2713 5068 refert;
2766 5001 2829 5056 et
2888 4995 3289 5071 Hortolanus,
3336 4993 3443 5054 lib.
3496 4990 3527 5050 3
3555 4982 3687 5044 Coffl‘

2203 5094 2473 5150 mentar.
2506 5087 2575 5148 in
2602 5089 2865 5164 cantic„
2890 5093 2957 5150 et
2994 5087 3287 5151 eamdem
3312 5078 3680 5166 expositionem

2208 5183 2413 5262 attigit
2438 5184 2504 5244 D.
2542 5183 2839 5259 ThomaS,
2898 5183 3132 5244 Cantic.
3190 5185 3253 5254 3,
3314 5181 3513 5244 dicens
3556 5168 3680 5230 illum

2208 5277 2377 5340 diem
2402 5276 2595 5338 fuisse
2624 5276 2849 5340 laetitiae
2868 5277 3075 5340 cordis
3101 5276 3361 5349 Christi,
3407 5269 3533 5352 quia
3554 5263 3601 5324 in
3623 5269 3677 5316 0⁰

2208 5372 2479 5434 maxime
2522 5370 2838 5456 gaudebat
2868 5369 2949 5434 ob
2990 5371 3337 5442 hominum,
3378 5377 3545 5448 quam
3574 5364 3677 5430 01³0·

2208 5465 2485 5541 rabatur,
2518 5464 3017 5546 redemptionem
3044 5464 3125 5527 de
3152 5463 3383 5526 diaboli
3410 5452 3667 5540 potefflffli
