3892 6167
551 334 680 397 408

556 456 698 503 esse
729 454 806 501 ex
831 443 1058 501 natura
1089 436 1182 499 rei
1217 436 1616 517 congenitam
1651 434 1920 499 naturali
1952 434 2113 499 enti·

1775 334 2011 400 QUAEST.
2046 334 2176 391 xm.
2208 334 2410 390 Anrlc.
2446 336 2528 391 IV.

2276 436 2335 498 5.
2386 434 2705 513 Quartum.
2729 472 2810 484 -
2832 436 3098 512 Quarto,
3131 436 3317 517 quia,
3350 438 3495 501 siin
3528 452 3737 509 creatu-

555 532 703 606 tsti;
737 548 890 595 nam
929 531 1124 595 virtus
1161 530 1496 613 congenita
1523 537 1585 593 et
1613 530 1949 592 intrinseca
1976 529 2114 591 uni·
2191 528 2281 594 ris
2306 536 2404 594 est
2440 532 2577 593 haec
2616 530 2895 612 potentia
2922 530 3390 594 obedientialis
3418 535 3638 613 activa,
3667 558 3739 602 se·
3793 514 3794 573 3

557 625 786 703 cuique
833 625 962 687 enti
991 642 1120 686 non
1161 628 1369 704 potest
1395 623 1698 688 excedere
1743 623 2011 705 gradum
2050 626 2115 687 et
2193 626 2428 705 quitur,
2451 624 2705 704 quando
2726 625 3031 705 perillam
3054 632 3295 707 agunt,
3317 626 3448 689 Deo
3470 628 3739 697 tribuente

559 718 846 781 ordinem
877 718 1019 779 talis
1047 717 1227 780 entis.

637 813 700 872 4.
751 812 1048 875 Tertium.
1073 844 1157 859 —
1175 813 1420 889 Tertio,
1450 819 1690 875 certum
1735 818 1831 875 est
1873 817 2119 875 creatu-

555 919 697 971 ram
729 922 858 966 non
900 922 1088 984 posse
1117 904 1368 967 efficere
1395 904 1898 985 supernaturalia
1925 922 2120 985 opera

559 1003 632 1058 ut
665 996 1150 1060 instrumentum
1197 1000 1343 1072 Dei,
1389 1000 1630 1081 absque
1673 998 1928 1081 speciali
1976 1018 2121 1063 con·

561 1108 752 1155 cursu
796 1098 858 1153 et
903 1093 1134 1155 auxilio
1165 1093 1360 1172 ipsius
1405 1095 1552 1169 Dei;
1585 1094 1811 1174 igitur,
1853 1094 1957 1157 vel
1998 1092 2120 1155 hoc

559 1186 860 1247 auxilium
887 1192 982 1248 est
1005 1189 1136 1247 tota
1167 1188 1364 1250 virtus
1393 1188 1620 1269 agendi
1645 1192 1986 1262 creaturae3
2020 1184 2121 1249 vel

559 1280 856 1360 supponit
881 1278 946 1339 in
985 1296 1062 1340 ea
1089 1279 1451 1342 inchoatam
1487 1280 1804 1357 virtutem,
1851 1287 1916 1344 et
1949 1296 2119 1343 com-

559 1371 690 1453 plet
713 1372 918 1446 illam;
949 1372 1052 1433 vel
1079 1372 1353 1452 denique
1383 1375 1681 1455 supponit
1703 1379 1904 1436 totam
1927 1374 2118 1435 virtu·

559 1472 687 1528 tem
713 1467 1065 1547 proximam
1105 1466 1188 1527 ad
1221 1466 1577 1547 agendum,
1615 1466 1947 1547 solumque
1976 1484 2121 1529 cum

561 1558 667 1619 illa
698 1560 1036 1637 concurrit,
1067 1566 1138 1622 ut
1163 1576 1352 1621 causa
1383 1560 1586 1641 prima
1612 1578 1756 1623 cum
1798 1560 2116 1623 secunda:

561 1668 641 1713 ex
681 1650 780 1712 his
818 1652 1019 1714 tribus
1045 1652 1348 1715 membris
1395 1654 1743 1715 secundum
1780 1658 1844 1715 et
1867 1651 2121 1715 tertium

561 1750 708 1806 sunt
750 1745 1220 1825 improbabilia;
1269 1764 1421 1828 ergo
1465 1747 1826 1827 eligendum
1855 1749 1953 1809 est
1994 1746 2122 1826 pri-

559 1852 769 1915 mum,
811 1845 874 1899 et
917 1846 1378 1920 consequenter
1419 1840 1756 1903 dicendum
1790 1845 1886 1902 est
1927 1838 2120 1902 talem

559 1948 930 1993 concursum
975 1934 1088 1995 Dei
1119 1934 1360 1995 nullam
1387 1952 1743 2015 supponere
1771 1932 2120 2015 potentiam

557 2022 1044 2088 obedientialem
1085 2028 1351 2090 activam
1376 2078 1389 2103 ,
1431 2029 1544 2091 sed
1572 2028 1774 2090 solum
1802 2026 2117 2108 passivam

561 2116 642 2179 ad
686 2118 1114 2198 recipiendam
1155 2122 1532 2184 activitatem
1578 2140 1694 2203 per
1744 2138 2120 2184 concursum

559 2210 695 2273 Dei.
726 2212 928 2275 Minor
955 2214 1169 2293 quoad
1195 2221 1526 2295 utramque
1551 2220 1792 2294 partem
1815 2214 2123 2296 probatur

561 2306 835 2368 secunda
860 2308 1105 2371 ratione
1131 2308 1317 2385 facta,
1347 2310 1497 2390 quia
1521 2310 1630 2371 illa
1656 2308 1962 2391 potentia,
1992 2310 2122 2371 sive

559 2399 876 2474 inchoata,
919 2402 1047 2465 sive
1097 2403 1409 2485 completa
1441 2404 1721 2475 dicatur,
1759 2410 1822 2466 et
1851 2420 1989 2465 esse
2021 2402 2124 2465 de-

558 2492 670 2555 bet
703 2494 1030 2572 naturalis,
1058 2500 1122 2559 et
1149 2496 1644 2577 supernaturalis
1665 2543 1686 2574 ,
1727 2495 1898 2577 quod
1919 2497 2123 2577 impli-

559 2590 696 2662 cat3
739 2589 1045 2649 naturalis
1091 2589 1385 2668 quidem,
1419 2590 1565 2671 quia
1603 2588 1940 2669 congenita
1976 2606 2123 2651 cum

561 2686 812 2755 natura,
845 2686 908 2743 et
935 2698 973 2742 a
999 2682 1157 2758 Deo,
1208 2684 1278 2744 ut
1317 2687 1573 2745 auctore
1601 2688 1838 2744 naturae
1854 2704 1873 2758 ;
1907 2699 2124 2763 super·

560 2771 866 2833 naturalis
889 2790 1063 2851 vero,
1095 2776 1244 2855 quia
1273 2782 1366 2837 est
1398 2774 1480 2837 ad
1511 2774 1768 2837 effectus
1795 2774 2126 2837 miraculo·

561 2876 667 2925 sos
697 2872 760 2928 et
785 2866 1298 2946 supernaturales
1317 2913 1338 2945 ‚
1378 2874 1442 2930 et
1473 2874 1934 2947 consequenter
1962 2868 2126 2950 ejus-

561 2958 706 3019 dem
745 2958 982 3021 ordinis
1030 2961 1522 3040 supernaturalis
1565 2979 1710 3023 cum
1752 2960 1901 3039 illis,
1953 2960 2124 3041 quod

559 3052 834 3119 maxime
867 3059 1086 3134 urget,
1131 3055 1186 3115 si
1225 3055 1503 3135 potentia
1541 3055 1650 3117 illa
1684 3055 1997 3136 completa
2033 3055 2123 3117 di-

560 3149 762 3220 catur,
783 3145 1118 3227 solumque
1145 3148 1470 3225 requirere
1500 3148 1581 3210 ad
1609 3149 1926 3227 agendum
1977 3166 2127 3212 con-

562 3254 816 3299 cursum
872 3238 982 3301 Dei
1035 3241 1609 3321 proportionatum3
1643 3260 1792 3305 nam
1812 3289 1829 3318 ‚
1877 3243 1931 3305 si
1982 3242 2123 3305 talis

564 3337 661 3392 est
684 3376 700 3405 ‚
731 3331 816 3393 ita
844 3340 1244 3413 comparatur
1289 3334 1368 3397 ad
1411 3334 1690 3398 actiones
1723 3354 1871 3398 suas
1890 3382 1912 3413 ,
1964 3336 2127 3401 sicut

561 3424 779 3486 lumen
813 3425 1026 3505 gloriae
1071 3426 1154 3489 ad
1195 3428 1501 3491 visionem
1527 3429 1661 3505 Dei,
1686 3429 1786 3491 vel
1822 3430 1985 3493 sicut
2014 3432 2128 3493 ha-

564 3516 732 3581 bitus
777 3520 1096 3582 charitatis
1143 3520 1226 3583 ad
1275 3540 1458 3584 suum
1509 3514 1755 3601 actum3
1812 3524 1930 3586 erit
1975 3542 2125 3604 ergo

563 3611 754 3692 plena
779 3612 976 3675 virtus
997 3632 1071 3675 ac
1089 3617 1368 3695 potentia
1397 3616 1911 3696 supernaturalis,
1935 3634 2127 3697 quam

565 3706 843 3769 tribuere
889 3709 1159 3771 naturali
1206 3716 1539 3784 creaturae,
1581 3718 1647 3773 et
1681 3710 1863 3773 valde
1899 3704 2129 3793 impro-

563 3800 988 3881 portionatum
1017 3809 1147 3880 est,
1193 3821 1342 3865 nam
1388 3802 1713 3868 confundit
1757 3812 2127 3887 supernatu-

564 3893 764 3956 ralem
791 3896 1078 3959 ordinem
1119 3916 1264 3960 cum
1300 3898 1613 3976 naturali,
1646 3902 1710 3961 et
1733 3898 1852 3979 ipsi
1886 3904 2127 3963 naturas

563 3985 817 4066 plenam
845 3990 970 4050 vim
998 3992 1349 4071 proximam
1379 3990 1596 4053 tribuit
1637 3990 1720 4052 ad
1749 3996 2128 4071 supernatu-

565 4081 744 4158 ralia,
769 4083 937 4161 quod
963 4084 1046 4147 ad
1073 4103 1350 4148 errorem
1385 4084 1618 4165 Pelagii
1643 4085 1933 4165 pertinet.
1965 4086 2123 4164 Im0,

565 4174 753 4235 etiam
801 4176 854 4236 si
891 4178 1170 4255 potentia
1213 4178 1319 4239 illa
1365 4177 1610 4240 dicatur
1650 4176 1944 4239 inchoata
1989 4182 2128 4240 tan-

565 4268 724 4342 tum,
755 4286 884 4330 non
909 4270 1156 4332 videtur
1177 4276 1382 4333 tutum
1407 4288 1548 4333 eam
1574 4270 1850 4334 tribuere
1877 4276 2127 4334 creatu-

563 4376 652 4421 rae
689 4360 756 4421 in
791 4362 1008 4424 ordine
1039 4362 1122 4425 ad
1163 4364 1676 4444 supernaturales
1715 4367 1892 4426 actus
1913 4410 1927 4437 ‚
1960 4364 2128 4427 affir-

565 4453 798 4516 mando
820 4470 960 4517 esse
981 4454 1068 4517 illi
1087 4456 1599 4537 connaturalem3
1624 4474 1770 4517 nam
1795 4456 1915 4518 hoc
1939 4456 2129 4519 etiam

565 4551 734 4611 esset
759 4566 886 4611 non
919 4568 1146 4630 parum
1174 4551 1385 4614 favere
1425 4551 1624 4613 errori
1663 4550 1938 4631 Pelagii3
1978 4552 2127 4631 quia

567 4642 722 4705 ordo
767 4644 982 4724 gratiae
1025 4645 1196 4706 bona
1245 4662 1323 4707 ex
1367 4648 1544 4724 parte
1591 4644 2000 4707 reduceretur
2047 4644 2130 4711 ad

565 4735 859 4799 virtutem
923 4743 1190 4800 naturae.
1253 4736 1510 4819 Propter
1573 4737 1744 4816 quod
1806 4738 2129 4818 graviores

564 4828 867 4909 Theologi
893 4838 1176 4907 censent,
1209 4848 1418 4910 neque
1447 4831 1512 4893 in
1542 4829 1886 4907 intellectu,
1917 4850 2127 4913 neque

567 4922 630 4983 in
649 4923 971 4986 voluntate
999 4929 1236 5001 nostra,
1261 4942 1398 4987 esse
1427 4925 1804 4988 activitatem
1825 4926 2124 5007 aliquam,

565 5030 756 5094 quam
783 5034 858 5078 ex
889 5036 958 5079 se
983 5018 1260 5081 habeant
1281 5019 1361 5081 ad
1386 5020 1563 5081 actus
1593 5019 2128 5100 supernaturaleS,

567 5116 638 5172 ut
661 5112 1172 5190 supernaturales
1201 5118 1350 5175 sunt
1369 5159 1384 5188 ‚
1418 5111 1531 5175 sed
1569 5116 1769 5175 totam
1795 5114 2131 5194 provenire

567 5203 650 5265 ab
677 5204 894 5268 habitu
917 5206 1015 5267 vel
1041 5206 1270 5268 auxilio
1299 5206 1762 5289 supernaturali
1775 5229 1794 5285 3
1819 5206 2135 5287 rejiciunt-

567 5314 693 5375 qne
715 5300 1076 5378 opinionem
1096 5300 1396 5381 cajetani,
1425 5300 1530 5381 qui
1552 5300 1632 5363 de
1651 5301 1890 5363 visione
1919 5300 2129 5377 beata,

567 5398 632 5453 et
660 5410 698 5453 a
721 5391 964 5455 fortiori
997 5392 1077 5455 de
1105 5394 1341 5458 caeteris
1371 5394 1614 5459 actibus
1643 5392 2135 5478 supernaturali-

567 5486 710 5559 hus,
743 5488 1101 5567 oppositum
1131 5488 1346 5553 sensit.

2197 716 2738 781 accommodatum
2763 736 3180 796 concursum,
3218 736 3357 781 non
3385 738 3525 783 esse
3551 722 3742 788 instru-

2196 816 2435 885 menta,
2458 811 2571 874 sed
2590 830 2813 874 causas
2833 812 3167 892 proximas
3192 813 3589 895 principale3‚
3610 820 3742 899 quod

2198 920 2337 967 esse
2363 904 2551 984 plane
2578 903 2809 967 falsum
2833 922 3020 968 nemo
3048 906 3355 985 negabit.
3386 908 3639 987 Sequela
3664 930 3744 991 pa-

2198 1002 2311 1073 tet,
2356 997 2503 1077 quia
2546 997 2653 1059 illa
2680 997 2962 1078 potentia
2987 998 3455 1061 obedientialis
3481 1015 3603 1063 non
3633 1020 3745 1085 pro-

2200 1089 2366 1153 cedit
2397 1110 2433 1151 a
2460 1092 2591 1152 Deo
2621 1137 2636 1166 ,
2683 1097 2754 1152 ut
2799 1096 3056 1155 auctore
3104 1094 3604 1173 supernaturali,
3632 1098 3743 1175 quia

2201 1190 2296 1247 est
2330 1186 2666 1265 congenita
2690 1202 2837 1247 cum
2866 1190 3127 1260 natura,
3176 1192 3245 1246 et
3276 1202 3413 1247 non
3440 1184 3513 1249 fit
3541 1204 3643 1267 per
3662 1189 3743 1250 ali-

2198 1294 2389 1358 quam
2438 1278 2751 1341 actionem
2792 1276 3402 1358 supernaturalem3
3438 1296 3583 1363 ergo
3613 1298 3743 1345 crea-

2201 1376 2343 1433 tura
2367 1415 2385 1446 ,
2418 1370 2661 1433 ratione
2688 1370 2858 1432 illius
2886 1371 3197 1451 potentiae
3226 1418 3242 1444 ,
3272 1387 3412 1432 non
3440 1378 3533 1434 est
3558 1373 3743 1435 instru-

2200 1470 2481 1526 mentum
2519 1464 2632 1525 Dei
2675 1466 2949 1527 auctoris
2986 1464 3529 1545 supernaturalis.
3568 1466 3740 1545 Neque

2201 1574 2350 1618 vero
2388 1562 2486 1619 est
2521 1556 3012 1620 instrumentum
3042 1558 3164 1620 Dei
3211 1558 3499 1620 auctoris
3522 1564 3738 1625 naturae.

2202 1652 2349 1730 quia
2382 1652 2549 1714 Deus
2576 1700 2591 1727 ‚
2632 1659 2702 1716 nt
2730 1654 2841 1731 sic,
2872 1670 3004 1716 non
3040 1652 3247 1715 efficit
3276 1654 3739 1734 supernaturales

2203 1744 2501 1823 effectus3
2534 1762 2685 1827 ergo
2732 1746 2905 1808 nullo
2948 1746 3147 1808 modo
3184 1746 3590 1808 constituitur
3612 1764 3741 1809 crea-

2202 1844 2341 1900 tura
2388 1840 2455 1899 in
2484 1856 2621 1902 esse
2649 1840 3048 1903 instrumenti
3076 1836 3286 1901 divini
3326 1856 3445 1920 per
3484 1838 3631 1903 hanc
3662 1856 3739 1919 po·

2202 1932 2487 1995 tentiam.

2281 2031 2343 2089 6.
2392 2023 2702 2099 Quintum.
2726 2061 2808 2072 —
2832 2026 3058 2100 Quinto
3077 2071 3095 2100 ,
3156 2025 3265 2088 vel
3323 2026 3463 2087 haec
3510 2024 3737 2104 potentia

2202 2118 2637 2182 obedientialis
2664 2124 2761 2181 est
2786 2118 3157 2194 materialis,
3188 2116 3298 2183 vel
3328 2116 3678 2198 spiritualis3
3702 2118 3739 2177 si

2204 2212 2543 2293 spiritualis
2571 2219 2702 2289 est,
2733 2214 2800 2275 in
2826 2210 3017 2275 rebus
3045 2212 3496 2275 materialibus
3520 2210 3729 2291 reperiri

2203 2325 2333 2369 non
2358 2310 2583 2387 potest,
2604 2310 2885 2386 utsupra
2911 2323 3031 2368 nos
3059 2304 3660 2387 argumentabamur
3675 2302 3733 2363 de

2205 2399 2505 2479 qualitate
2534 2399 2973 2480 superaddita3
3006 2398 3247 2461 falsum
3292 2416 3449 2477 ergo
3488 2403 3573 2458 est
3608 2394 3729 2456 hanc

2205 2492 2550 2575 potentiam
2607 2490 3089 2555 obedientialem
3160 2510 3311 2554 esse
3382 2504 3729 2553 communem

2205 2587 2499 2649 omnibus
2541 2587 2815 2649 entibus.
2846 2586 2939 2647 Ex
2966 2604 3093 2666 quo
3134 2586 3412 2649 ulterius
3457 2582 3729 2661 consequi-

2205 2686 2329 2757 tur,
2354 2698 2471 2743 nec
2498 2678 2723 2743 Christi
2752 2696 2979 2761 corpus
3004 2726 3019 2755 ‚
3051 2697 3179 2743 nec
3224 2682 3614 2741 sacramenta
3630 2691 3729 2734 ma-

2204 2773 2447 2835 terialia
2494 2790 2632 2836 esse
2678 2790 2865 2853 posse
2906 2773 3341 2835 instrumenta
3388 2770 3468 2831 ad
3502 2768 3727 2832 efficien-

2204 2866 2351 2929 dam
2382 2866 2672 2946 gratiam.
2708 2864 2773 2929 Si
2813 2870 3025 2929 autem
3056 2866 3196 2927 baec
3224 2864 3511 2945 potentia
3537 2862 3726 2923 dicatur

2205 2959 2285 3022 de
2305 2976 2371 3021 se
2394 2978 2533 3023 esse
2559 2956 2924 3023 indifferens
2947 2958 3028 3021 ad
3048 2957 3539 3021 immaterialem
3562 2960 3616 3017 et
3632 2968 3726 3013 ma-

2204 3055 2515 3129 terialem,
2548 3074 2722 3137 ergo,
2746 3055 2855 3116 ubi
2882 3054 3231 3115 materialis
3262 3058 3387 3129 est,
3422 3066 3543 3113 non
3568 3050 3725 3127 potest

2205 3164 2343 3209 esse
2374 3146 2661 3211 effectiva
2683 3148 2773 3209 rei
2811 3146 3180 3227 spiritualis,
3204 3163 3423 3225 neque
3458 3142 3625 3206 etiam
3646 3154 3725 3217 po·

2205 3241 2345 3304 terit
2373 3242 2683 3323 attingere
2718 3240 3037 3321 spirituale
3066 3240 3457 3319 subjectum.

2287 3336 2347 3395 7.
2396 3332 2681 3399 Sea-tum.
2708 3334 3034 3409 —Sexto,
3082 3328 3521 3415 argumentari
3544 3340 3725 3407 possu-

2205 3444 2377 3503 muS,
2422 3434 2485 3489 et
2535 3424 2801 3490 fortasse
2848 3425 3185 3502 difficilius,
3238 3444 3319 3487 ex
3368 3428 3540 3505 parte
3574 3416 3725 3519 ipsius

2206 3520 2644 3601 dependentiae
2691 3538 2805 3582 seu
2849 3520 3111 3583 actionis
3123 3564 3145 3595 ,
3178 3536 3299 3599 per
3344 3532 3532 3597 quam
3568 3514 3724 3591 grana

2208 3614 2477 3675 efficitur
2496 3614 2589 3695 (et
2621 3612 2789 3675 idem
2816 3620 2913 3675 est
2939 3613 3017 3676 de
3044 3612 3331 3693 quolibet
3360 3608 3481 3671 alio
3506 3604 3723 3666 miracu·

2205 3708 2342 3770 loso
2370 3724 2584 3787 opere,
2608 3708 2956 3787 proesertim
2974 3706 3320 3788 spirituali)
3339 3720 3355 3765 ι
3382 3700 3576 3765 omnis
3594 3692 3724 3799 enirn

2208 3801 2371 3863 actio
2401 3806 2464 3862 et
2493 3799 2939 3881 dependentia,
2961 3806 3275 3880 quatenus
3310 3796 3448 3861 talis
3477 3799 3586 3868 est,
3612 3788 3722 3850 dicll

2208 3913 2288 3958 ex
2328 3899 2557 3955 natura
2605 3912 2719 3955 sua
2754 3892 3157 3957 intrinsecam
3184 3942 3197 3969 ,
3256 3888 3641 3955 essentialem
3680 3882 3723 3983 {³1

2206 3986 2685 4050 connaturalem
2722 3986 3152 4050 habitudinem
3196 3987 3282 4048 ad
3320 4000 3500 4047 suum
3539 3976 3719 4059 prinm-

2206 4082 2403 4164 pium,
2432 4100 2541 4143 seu
2568 4082 2649 4143 ad
2675 4082 3018 4162 potentiam
3047 4101 3085 4143 a
3114 4098 3241 4161 qua
3265 4080 3403 4141 fluit
3418 4099 3437 4155 3
3461 4072 3566 4137 sed
3588 4064 3719 4131 nulla

2207 4180 2411 4256 potest
2450 4192 2589 4239 esse
2631 4174 2792 4238 actio
2835 4174 3202 4256 productiva
3249 4172 3489 4256 gratiae,
3520 4178 3641 4245 quae
3666 4172 3719 4218 ex

2209 4274 2433 4331 natura
2477 4286 2592 4330 sua
2640 4269 2807 4331 dicat
2841 4268 3242 4331 intrinsecam
3282 4273 3345 4329 et
3379 4254 3718 4325 essentialem

2208 4360 2641 4424 habitudinem
2678 4360 2798 4425 sibi
2826 4362 3299 4424 connaturalem
3344 4357 3423 4419 ad
3450 4352 3717 4417 entitatem

2209 4454 2620 4533 materialem,
2642 4470 2851 4537 neque
2870 4454 2953 4517 ad
2972 4469 3432 4535 quamcumque
3451 4446 3719 4543 entitatefss

2210 4550 2594 4627 naturalem3
2627 4568 2777 4631 ergo
2806 4566 3032 4629 neque,
3058 4567 3091 4611 e
3113 4546 3445 4622 contrario,
3471 4539 3655 4638 potest
3667 4542 3715 4589 11¹

2210 4641 2571 4724 hujusmodi
2621 4642 2981 4706 entitatibus
3042 4661 3181 4706 esse
3243 4637 3515 4723 potentia
3558 4630 3716 4733 activa

2209 4734 2643 4800 obedientialis
2694 4742 2986 4817 respectu
3034 4736 3177 4800 talis
3234 4731 3511 4796 actionis.
3556 4723 3717 4823 Mar->1

2210 4830 2465 4895 evidens
2504 4836 2595 4892 cst
2640 4846 2717 4891 ex
2745 4830 3068 4911 principiis
3095 4825 3532 4911 metaphysicae
3549 4863 3571 4895 ‚
3598 4820 3715 4919 ’ἔξω

2214 4923 2637 5006 superioribus
2665 4940 2833 5004 soepe
2880 4924 3004 4987 hoc
3055 4930 3295 4988 tactum
3328 4926 3435 4996 est,
3477 4920 3533 4977 et
3562 4910 3711 4971 latius

2211 5018 2278 5082 in
2308 5020 2343 5081 3
2371 5023 2543 5081 tomo
2571 5017 2761 5097 hujus
2780 5020 2817 5080 3
2841 5020 3056 5099 partis,
3088 5018 3150 5079 in
3174 5014 3431 5079 materia
3454 5008 3525 5071 de
3551 5012 3712 5066 sacra·

2212 5112 2441 5173 mentis
2472 5112 2537 5171 in
2565 5128 2797 5191 genere
2817 5157 2839 5188 ,
2881 5118 2943 5174 et
2968 5113 3303 5193 copiosius,
3334 5103 3709 5203 magisqqefx

2213 5204 2480 5288 propriis
2512 5251 2527 5281 ,
2580 5206 2646 5265 in
2696 5204 3218 5287 disputationibus
3280 5198 3673 5278 metaphys1c¹³
3692 5222 3706 5251 2

2215 5318 2383 5381 quae,
2413 5300 2545 5362 Deo
2568 5298 2853 5381 juvante,
2882 5298 3058 5363 brevi
3084 5297 3156 5363 in
3180 5300 3379 5362 lucem
3402 5278 3703 5393 prodibunt,
3793 5314 3794 5381 ἲ

2214 5394 2478 5457 dicetur.
2516 5394 2593 5457 Et
2628 5398 2821 5475 patet,
2856 5412 3005 5457 nam
3048 5394 3233 5471 acti0,
3268 5370 3704 5461 utacti0,1n0111-
3793 5472 3794 5475 Ἴ

2217 5486 2305 5550 dit
2338 5488 2669 5551 intrinsece
2702 5494 2763 5553 et
2793 5486 3200 5550 essentialiter
3227 5484 3515 5549 rationem
3539 5472 3706 5531 actua·
