3892 6167
491 333 614 396 360

489 439 776 504 meritum
801 435 1064 514 Christi,
1091 437 1266 520 cuju
1289 443 1488 504 tamen
1514 435 1798 502 meritam
1817 436 2060 501 Christi

489 539 580 598 m
607 550 796 596 causa
805 557 831 604 ,·
865 533 1050 596 docet
1081 551 1232 612 ergo
1261 538 1480 614 aperte
1506 533 1579 593 D.
1625 531 1898 594 Thomas
1923 549 2057 592 me·-

490 627 682 688 ritum
710 623 938 688 Christi
966 643 1102 688 esse
1139 644 1398 688 causam
1436 625 1626 688 etiam
1673 625 1868 704 ipsius
1905 623 2057 686 fidei

490 720 590 782 vel
619 721 1050 800 cujuscunque
1083 719 1342 782 alterius
1367 721 1586 796 medii,
1620 737 1736 800 per
1763 717 1934 798 quod
1962 718 2057 798 ip·-

494 829 634 874 sum
679 812 971 876 meritum
1011 811 1229 874 Christi
1261 813 1442 876 nohis
1469 813 1840 894 applicatur.
1875 811 1949 876 Et
1988 809 2059 872 in

491 905 614 968 hac
639 909 676 968 3
703 923 798 984 p.‚
827 906 1013 978 infra,
1043 923 1106 985 q.
1139 909 1242 980 21,
1269 914 1387 970 art.
1419 911 1484 985 4,
1503 907 1590 970 ad
1616 911 1679 984 2,
1712 906 1862 968 dicit
1886 902 2059 968 Chri-

495 1007 662 1065 stum
691 1017 820 1061 non
867 1000 1152 1064 absolute
1186 1019 1402 1066 orasse
1429 1021 1542 1084 pro
1577 1000 1892 1074 omnibus,
1945 998 2063 1062 sed

492 1113 608 1174 pro
654 1094 1131 1174 praedestinatiS,
1179 1101 1249 1159 ut
1275 1097 1468 1158 vitam
1515 1099 2057 1174 consequerentur

493 1195 826 1262 aeternam3
863 1190 1052 1252 sentit
1076 1207 1230 1272 ergo
1258 1189 1572 1256 Christum
1601 1187 2059 1270 praedestinatis

493 1283 804 1344 meruisse
821 1283 1140 1346 efficacem
1153 1285 1636 1366 applicationem
1653 1299 1912 1344 suorum
1925 1298 2059 1344 me-

493 1375 778 1438 ritorum.
806 1375 962 1440 Cum
993 1395 1144 1458 ergo
1170 1378 1290 1440 hoc
1327 1378 1466 1440 loco
1492 1377 1574 1440 ad
1597 1377 1852 1438 tertium
1881 1376 2057 1451 dicit,

491 1471 854 1550 regenerari
897 1471 962 1532 in
992 1471 1260 1546 Christo,
1317 1489 1456 1536 esse
1501 1470 1768 1550 gretiam
1817 1468 2061 1531 homini

493 1563 750 1640 factam,
779 1565 1066 1646 intelligit
1081 1572 1372 1646 respectu
1395 1565 1590 1644 ipsius
1609 1564 1908 1638 hominis,
1931 1581 2063 1626 non

495 1663 788 1736 respectu
815 1655 1074 1730 Christi;
1110 1663 1173 1720 et
1223 1657 1448 1718 eodem
1491 1676 1686 1722 sensu
1723 1657 1870 1720 dicit
1897 1659 2063 1722 salu-

497 1755 630 1812 tem
666 1749 938 1812 hominis
964 1750 1102 1812 fieri
1141 1769 1218 1813 ex
1243 1753 1482 1832 gratia3
1519 1758 1584 1814 et
1617 1752 1844 1814 eodem
1867 1770 2062 1814 sensu

498 1843 777 1922 loquitur
805 1844 872 1904 in
909 1844 1062 1906 locis
1090 1844 1228 1906 aliis
1260 1845 1484 1922 citatis,
1513 1865 1590 1910 ex
1635 1865 1698 1928 q.
1728 1851 1808 1912 29
1833 1847 1910 1910 dc
1941 1847 2063 1910 Ve-

499 1937 628 2012 rit.,
661 1943 731 1998 ut
753 1937 888 2018 ipse
907 1956 978 2000 se
1007 1939 1300 2019 explicuit
1332 1941 1396 2000 in
1421 1941 1732 2004 solutione
1761 1942 1845 2002 ad
1863 1945 1904 2004 8
1925 1943 2063 2021 jam

501 2030 726 2103 citata;
757 2030 910 2107 ime,
945 2033 1012 2093 in
1049 2034 1276 2096 eedem
1299 2035 1608 2100 solutione
1633 2035 1714 2098 ad
1743 2042 2059 2114 quartum,

505 2125 595 2186 ait
624 2124 920 2186 meritum
959 2125 1185 2190 Christi
1231 2130 1558 2211 aequaliter
1603 2148 1670 2192 se
1714 2129 1949 2192 habere
1982 2129 2065 2192 ad

506 2235 726 2280 omnes
756 2218 968 2298 quoad
991 2221 1452 2300 sufficientiam,
1474 2243 1604 2286 nou
1619 2223 1830 2304 quoad
1860 2224 2065 2285 effica-

506 2311 702 2385 ciam;
735 2313 906 2390 quod
931 2312 1412 2396 intelligendum
1437 2325 1534 2380 est
1561 2335 1686 2378 non
1713 2323 1959 2380 tantum
1988 2337 2063 2382 ex

503 2409 683 2486 parte
717 2406 976 2468 effectus
1009 2409 1118 2488 qui
1154 2410 1224 2472 in
1249 2429 1378 2472 uno
1420 2411 1514 2486 fit,
1548 2416 1612 2472 et
1637 2429 1765 2473 non
1805 2411 1870 2474 in
1913 2413 2063 2489 alin,

506 2499 620 2560 sed
661 2500 848 2562 etiam
879 2519 956 2562 ex
995 2509 1173 2582 parte
1202 2505 1540 2570 voluntatis
1567 2523 1694 2584 qua
1721 2504 1856 2584 ipse
1885 2505 2068 2570 Chri·-

508 2601 644 2656 stus
665 2595 918 2669 meruit,
945 2602 1008 2658 et
1049 2597 1296 2660 diverso
1317 2599 1510 2662 modo
1539 2598 1762 2662 obtulit
1789 2617 1903 2661 sua
1931 2619 2069 2664 me-

506 2687 628 2748 rita
651 2705 766 2768 pro
795 2688 1576 2771 diversis‚·utexplicatum
1605 2697 1719 2754 est.
1741 2693 1896 2768 Quia
1915 2714 2065 2762 vero

507 2781 710 2860 prima
740 2780 918 2842 radix
945 2782 1134 2860 hujus
1180 2783 1556 2846 diversitatis
1589 2785 1708 2850 fuit
1747 2787 1969 2852 electio
2005 2797 2067 2854 et

507 2873 796 2935 voluntas
849 2872 1060 2938 divina
1078 2920 1101 2951 ‚
1163 2876 1268 2938 cui
1322 2894 1390 2940 se
1441 2878 1730 2940 voluntas
1790 2881 2069 2948 humana

509 2966 738 3030 Christi
766 2968 1200 3044 conformavit,
1236 2969 1378 3034 ideo
1409 2972 1693 3034 absolute
1724 2981 1787 3036 et
1831 2976 2069 3058 simpli-

509 3062 663 3122 citer
697 3067 900 3123 totum
948 3063 1068 3124 hoc
1097 3064 1422 3143 negotium
1451 3065 1746 3130 tribuitur
1781 3073 2069 3148 gratuitae

509 3153 811 3215 voluntati
839 3155 970 3230 Dei,
1003 3157 1388 3239 utJmagislin
1415 3160 1694 3224 sectione
1723 3163 1940 3226 ultima
1960 3185 2067 3228 ex-

507 3247 901 3326 plicabimus.
919 3251 996 3312 Et
1013 3249 1164 3313 hinc
1188 3252 1374 3315 etiam
1401 3254 1711 3334 colligitur
1731 3274 1856 3334 quo
1876 3261 2065 3321 modo

509 3341 590 3400 sit
623 3341 1028 3422 intelligenda
1060 3347 1445 3424 comparatio
1477 3347 1638 3410 inter
1669 3349 1985 3414 Christum
2006 3361 2069 3417 et

509 3434 844 3509 Adamum,
877 3453 1068 3518 quam
1097 3440 1167 3500 D.
1199 3441 1471 3502 Thomas
1499 3441 1602 3503 hic
1637 3445 1814 3522 ponit
1847 3447 1912 3508 in
1956 3465 2070 3508 ea·

510 3529 657 3590 dem
688 3529 996 3594 solutione
1025 3531 1108 3594 ad
1149 3533 1436 3607 tertium;
1471 3537 1854 3599 conveniunt
1899 3540 2069 3602 euim

509 3623 575 3682 in
601 3622 745 3698 hoc,
777 3625 969 3702 quod,
1005 3625 1166 3686 sicut
1193 3632 1524 3707 peccatum
1549 3629 1700 3692 Adae
1726 3631 1844 3693 fuit
1867 3633 2069 3712 prima

507 3718 688 3780 radix
709 3720 912 3782 omnis
939 3722 1088 3782 mali
1116 3721 1318 3802 culpoe
1333 3728 1397 3786 et
1415 3743 1646 3804 poenae,
1673 3726 1759 3788 ita
1773 3728 2069 3790 meritum

509 3811 740 3876 Christi
769 3821 868 3877 est
893 3815 1096 3894 prima
1115 3816 1298 3878 radix
1323 3819 1528 3880 omnis
1549 3819 1724 3894 honi,
1763 3827 1825 3884 et
1853 3823 2067 3902 gratiae

506 3905 786 3968 humano
815 3908 1031 3986 generi
1059 3909 1295 3971 collatae
1309 3932 1326 3986 3
1350 3916 1522 3974 tenet
1546 3912 1734 3974 etiam
1757 3913 1822 3976 in
1849 3915 1969 3976 hoc
1994 3915 2071 3976 si-

507 3999 792 4062 militudo
807 4043 828 4076 ,
859 4001 1050 4080 quod,
1101 4003 1262 4064 sicut
1308 4005 1626 4083 generatio
1675 4008 1944 4069 carnalis
1990 4025 2070 4070 ex

505 4100 764 4172 peccato
793 4093 943 4156 Adae
973 4095 1168 4157 hahet
1187 4099 1280 4174 (ut
1305 4098 1392 4158 ita
1423 4098 1652 4178 dicam)
1691 4101 1817 4162 vim
1843 4107 1906 4162 et
1933 4101 2069 4164 effi·

506 4187 746 4248 cociam
791 4187 873 4248 ed
918 4187 1312 4250 influendum
1364 4191 1666 4271 originale
1708 4201 2062 4273 peccatum,

504 4277 592 4341 ita
617 4280 1011 4358 regeneratio
1041 4283 1106 4342 in
1133 4280 1400 4360 Christe,
1433 4301 1576 4364 quoe
1605 4285 1674 4347 fit
1693 4303 1807 4366 per
1823 4288 2065 4368 baptis-

503 4389 702 4443 mum,
731 4373 814 4432 ab
845 4373 981 4452 ipso
1013 4373 1255 4438 Christo
1283 4377 1478 4440 hahet
1515 4379 1642 4440 vim
1678 4381 1760 4442 ad
1795 4380 2066 4444 influen-

504 4462 652 4524 dam
675 4465 1013 4542 justitiam;
1047 4467 1346 4530 differunt
1372 4475 1608 4542 tamen,
1653 4473 1804 4552 quia
1844 4492 2066 4554 pecca·

503 4562 640 4618 tum
669 4556 816 4618 Adae
841 4575 974 4619 non
991 4566 1087 4622 est
1109 4577 1301 4624 causa
1321 4562 1514 4642 ipsius
1539 4567 1844 4628 naturalis
1869 4585 2066 4646 gene-

501 4649 788 4728 rationis,
823 4669 944 4714 nec
987 4653 1410 4732 dispositionis
1437 4656 1522 4718 ad
1557 4658 1728 4720 illius
1773 4661 2067 4724 effectum

501 4743 893 4820 necessarioe,
919 4763 1039 4808 nec
1075 4746 1350 4828 denique
1383 4756 1477 4812 est
1511 4769 1700 4814 causa
1727 4755 1898 4833 quod
1945 4756 2064 4818 iste

505 4836 694 4898 homo
719 4843 1080 4917 generetur,
1111 4845 1398 4922 quamvis
1427 4847 1506 4908 sit
1543 4863 1733 4908 causa
1761 4853 1832 4908 ut
1875 4867 2065 4930 gene·

501 4936 675 4991 ratus
723 4935 1052 4997 contrahat
1081 4943 1438 5015 peccatum;
1483 4957 1632 5000 nam
1675 4940 1854 5016 illud,
1889 4943 2061 5020 quod

503 5023 790 5086 naturale
813 5031 928 5098 est,
961 5033 1056 5089 est
1089 5046 1206 5108 per
1229 5047 1299 5090 se
1323 5031 1583 5108 bonum,
1619 5039 1682 5094 et
1709 5051 1825 5114 per
1861 5053 1930 5097 se
1960 5053 2063 5098 or-

499 5115 784 5178 dinatum
811 5137 848 5180 a
875 5119 1027 5196 Dee,
1058 5122 1230 5184 unde
1263 5142 1393 5186 non
1425 5126 1614 5188 trahit
1643 5126 1951 5206 originem
1984 5147 2061 5192 ex

494 5217 794 5290 peccato;
818 5218 1040 5275 atvero
1067 5215 1362 5278 meritum
1390 5216 1638 5294 Christi,
1667 5227 1730 5282 et
1755 5227 2058 5282 estcausa

491 5302 691 5382 ipsius
717 5304 1050 5386 spiritualis
1071 5311 1593 5388 regenerationis,
1621 5320 1684 5374 et
1703 5313 1812 5374 dat
1839 5313 1926 5376 illi
1964 5315 2059 5378 ef-

493 5393 804 5471 ficaciam,
839 5401 905 5458 et
931 5398 1134 5461 influit
1165 5402 1236 5462 in
1271 5403 1564 5466 effectum
1595 5406 1755 5484 ejus,
1791 5413 1854 5469 et
1872 5407 2059 5470 simul

493 5489 688 5552 etiam
739 5509 934 5554 causa
983 5498 1078 5556 est
1122 5501 1191 5557 ut
1235 5497 1336 5560 hic
1375 5496 1562 5560 homo
1613 5507 2053 5578 regeneretur,

1719 333 1959 400 QUAEST.
1989 335 2123 394 xut.
2154 335 2357 392 Anne.
2392 335 2477 390 lv.

2136 441 2395 516 propter
2424 451 2616 516 quem
2652 435 3006 516 specialiter
3034 453 3225 499 suum
3268 434 3505 505 obtulit
3526 435 3698 496 meri·

2137 537 2309 606 tum3
2340 530 2516 610 quod
2552 530 2719 592 bene
2744 528 3039 592 indicavit
3082 530 3283 604 scot„
3338 529 3511 592 dicta
3562 527 3693 590 dist.

2138 627 2238 701 19,
2268 624 2483 688 dicens
2526 626 2648 686 hoc
2688 624 2883 688 fuisse
2932 625 3335 704 potissimum
3374 624 3441 686 in
3486 623 3695 688 merito

2138 715 2401 793 Christi,
2451 717 2621 796 quod
2672 719 2907 780 meruit
2948 735 3080 780 non
3130 718 3517 798 conjunctos
3568 733 3699 778 eon-

2132 829 2339 891 Jung1.

2221 909 2321 968 12.
2368 905 2466 968 Ad
2494 905 2771 969 rationes
2792 923 2871 970 ex
2922 905 3105 968 dictis
3130 909 3315 985 patet
3334 904 3671 982 responsio
3680 925 3699 978 ;

2146 1000 2230 1062 ad
2256 1000 2529 1079 primam
2560 1001 2729 1062 enim
2772 1000 3219 1078 respondetur,
3246 997 3550 1080 quamvis
3588 1014 3702 1060 om·

2138 1109 2221 1152 ne
2276 1110 2435 1171 opus
2488 1093 2731 1172 gratiss,
2762 1093 2935 1172 quod
2972 1093 3042 1156 in
3070 1092 3257 1154 nohis
3306 1090 3407 1166 flt,
3451 1097 3703 1170 propter

2138 1186 2369 1248 merita
2399 1186 2622 1249 Christi
2642 1187 2775 1261 fiat,
2794 1186 3203 1251 nihilominus
3226 1201 3461 1250 varam
3486 1184 3701 1246 salvari

2140 1281 2449 1344 rationem
2488 1282 2705 1360 gratiss
2728 1325 2747 1356 ,
2776 1286 2912 1344 tum
2956 1282 3105 1360 quia
3158 1285 3467 1360 respectu
3518 1278 3701 1341 nostri

2142 1377 2343 1436 totum
2372 1375 2495 1438 hoc
2528 1374 2599 1438 fit
2622 1393 2801 1438 mere
2834 1375 3063 1456 gratis3
3118 1381 3259 1438 tum
3288 1374 3489 1436 etiam
3541 1369 3698 1449 quia,

2142 1467 2525 1530 includendo
2600 1469 2809 1548 ipsum
2864 1469 3200 1542 Christum,
3258 1473 3327 1532 et
3404 1464 3703 1528 meritum

2145 1563 2305 1640 ejuS‚
2362 1569 2425 1624 et
2464 1563 2727 1626 modum
2778 1563 3089 1644 merendi,
3118 1569 3181 1626 et
3236 1559 3563 1626 offerendi
3600 1575 3703 1620 sua

2142 1655 2367 1717 merita
2419 1674 2532 1735 pro
2594 1657 2803 1731 nobis,
2850 1661 3055 1720 totum
3110 1657 3448 1738 negotium
3482 1659 3703 1716 nostffl

2143 1749 2361 1810 salutis
2389 1749 2567 1812 duxit
2588 1750 2897 1830 originem
2919 1769 2997 1812 ex
3024 1750 3159 1812 sola
3188 1748 3473 1830 gratuita
3502 1747 3703 1808 divina

2142 1843 2467 1906 voluntate
2522 1851 2585 1906 et
2626 1844 2955 1906 electione.
2998 1845 3095 1908 Ad
3148 1842 3509 1909 secundam
3568 1859 3701 1902 vero

2142 1937 2584 2016 respondetur,
2610 1937 3017 2002 concedendo
3044 1957 3175 2000 non
3200 1955 3347 2002 esse
3380 1954 3469 1998 ex
3486 1935 3703 1999 merito

2146 2029 2373 2092 Christi
2436 2031 2556 2094 hoc
2598 2038 2819 2106 totum,
2868 2032 3129 2107 scilicet,
3188 2037 3261 2094 ut
3296 2030 3453 2094 huie
3496 2029 3705 2110 potius

2144 2141 2339 2202 quam
2368 2125 2455 2186 illi
2486 2126 2837 2206 applicetur
2864 2127 3005 2206 ejus
3030 2127 3353 2202 meritum,
3388 2143 3514 2190 seu
3548 2121 3706 2203 quod

2143 2216 2247 2278 hic
2278 2219 2486 2298 potius
2514 2237 2705 2297 quam
2730 2220 2833 2282 ille
2860 2221 3243 2300 baptizatum
3268 2225 3615 2282 esttamen
3638 2233 3705 2278 ex

2146 2313 2387 2374 meritis
2410 2319 2479 2374 ut
2507 2313 2609 2376 hic
2631 2313 2998 2392 baptizetur,
3032 2321 3095 2378 et
3114 2320 3187 2378 ut
3210 2313 3365 2376 huie
3387 2313 3705 2394 applicen-

2148 2410 2251 2466 tur
2300 2406 2438 2485 ojus
2474 2407 2737 2484 merita3
2766 2405 2835 2468 in
2886 2407 2997 2468 illa
3032 2409 3207 2470 enim
3232 2405 3703 2487 comparatione

2148 2498 2554 2562 includuntur
2602 2501 2753 2574 duo,
2790 2499 3047 2576 scilicet,
3084 2506 3151 2562 ut
3176 2502 3282 2564 hic
3328 2500 3701 2578 baptizetur,

2150 2598 2217 2654 et
2242 2611 2371 2654 non
2400 2594 2591 2666 alius;
2622 2601 2687 2656 et
2718 2598 2841 2658 hoc
2890 2597 3205 2675 posterius
3242 2595 3539 2658 Christus
3586 2609 3703 2652 non

2148 2689 2399 2766 meruit,
2452 2689 2601 2752 licet
2652 2692 2957 2754 meruerit
2996 2691 3311 2771 primum3
3354 2688 3511 2767 quia
3560 2684 3703 2746 illud

2148 2797 2275 2842 non
2304 2783 2579 2860 pertinet
2604 2785 2688 2846 ad
2720 2785 3324 2858 remunerationem,
3358 2781 3479 2844 sed
3506 2780 3703 2859 potius

2150 2874 2231 2936 ad
2280 2891 2575 2954 poenam;
2607 2878 2779 2940 unde
2824 2896 2954 2940 non
2986 2883 3084 2939 est
3112 2895 3273 2956 opus
3322 2874 3575 2955 gratim,
3602 2869 3704 2934 sed

2142 2969 2419 3047 Justitiae,
2466 2977 2531 3034 et
2572 2972 2801 3036 occuui
2840 2971 3063 3050 judicii
3090 2971 3231 3034 Dei.
3266 2971 3493 3048 Neque
3542 2967 3704 3030 testi·

2148 3065 2359 3126 monia
2372 3063 2545 3126 Pauli
2566 3065 2651 3128 ihi
2672 3065 2945 3128 adducta
2956 3065 3127 3128 aliud
3148 3063 3539 3129 ostendunt:
3560 3061 3701 3134 imo,

2146 3157 2195 3218 si
2248 3164 2419 3218 recte
2472 3159 2943 3237 expendantur,
2992 3163 3272 3221 nostram
3322 3155 3701 3218 sententiam

2150 3250 2561 3327 confirmant,
2609 3257 2683 3314 ut
2724 3252 2805 3314 de
2850 3251 3209 3314 testimonio
3250 3249 3335 3312 ed
3388 3250 3625 3330 EpheS.
3668 3251 3695 3308 1

2151 3349 2484 3406 tractatum
2530 3346 2669 3424 jem
2694 3350 2813 3420 est,
2854 3351 2917 3406 et.
2960 3345 3041 3406 de
3084 3345 3305 3406 ultimo
3346 3341 3699 3406 testimonio

2150 3436 2235 3498 ad
2282 3438 2439 3499 Heb.
2490 3456 2567 3500 ex
2612 3439 2767 3518 ipsis
2798 3437 3005 3500 verbis
3042 3436 3225 3500 focile
3254 3443 3550 3498 constare
3604 3453 3699 3513 po-

2150 3536 2309 3606 test3
2345 3531 2571 3595 dicitur
2598 3531 2767 3594 enim
2794 3532 3213 3610 Deus-aptare
3256 3547 3379 3592 nos
3424 3531 3495 3590 in
3544 3529 3698 3590 omni

2151 3621 2319 3688 bono
2346 3625 2525 3704 juxta
2567 3625 3035 3704 beneplacitum
3074 3641 3283 3700 suum,
3318 3623 3450 3686 hoc·
3500 3629 3698 3686 tamen

2150 3715 2359 3780 facere
2387 3737 2503 3798 per
2527 3719 2561 3780 J
2566 3737 2745 3780 esum
2776 3718 3085 3780 Christum
3110 3735 3127 3792 ;
3156 3733 3531 3796 quanquam
3560 3731 3697 3794 ergo

2152 3812 2375 3874 electio
2404 3813 2485 3874 sit
2514 3830 2595 3874 ex
2633 3813 2955 3874 voluntate
2986 3811 3119 3886 Dei,
3151 3815 3371 3872 tamen
3426 3809 3697 3872 executio

2150 3911 2246 3968 est
2286 3925 2401 3986 per
2440 3904 2664 3968 merita
2714 3905 2963 3970 Christi.
3006 3907 3105 3968 An
3150 3922 3301 3966 vero
3352 3904 3494 3982 ipsa
3522 3904 3696 3964 etiam

2151 4000 2369 4062 electio
2406 3999 2667 4062 fundata
2698 3999 2779 4062 sit
2813 4000 2879 4062 in
2910 3998 3130 4064 Christi
3158 3997 3429 4073 meritis,
3472 3997 3696 4060 dicetur
3743 4000 3753 4012 ’

2148 4093 2209 4154 in
2241 4093 2517 4156 sectione
2543 4090 2783 4156 ultima.
3456 4085 3485 4120 ⁸

2750 4279 2967 4334 SECTlo
2998 4281 3079 4334 111.

2154 4413 2341 4471 Utrum
2376 4412 2627 4471 Christus
2688 4411 2955 4472 Dominus
3012 4416 3281 4474 mci-uerit
3318 4417 3479 4475 nobis
3524 4415 3690 4474 omnia

2216 4498 2361 4554 dona
2404 4501 2613 4572 qratiae,
2648 4511 2763 4572 quae
2806 4505 2932 4572 post
2974 4503 3221 4574 primam
3251 4501 3687 4576 justificationem

2219 4585 2595 4656 conferuntur.
2674 4633 2682 4640 .

2228 4755 2257 4812 1
2272 4797 2289 4812 .
2332 4753 2481 4814 Hoec
2504 4752 2767 4831 quaestio
2809 4753 3006 4816 multa
3030 4751 3535 4833 comprehendit,
3560 4753 3689 4832 quia

2145 4844 2283 4906 haec
2310 4843 2480 4908 dona
2510 4847 2683 4908 varia
2728 4852 2794 4908 et
2842 4846 3209 4926 multiplicia
3237 4863 3383 4910 esse
3410 4853 3685 4928 possunt3

2150 4940 2363 5002 omnia
2387 4949 2605 5004 tamen
2626 4941 2747 5006 sub
2772 4959 2901 5014 una
2931 4943 3277 5022 quaestione
3298 4943 3692 5022 comprehen-

2142 5033 2369 5108 dimuS,
2416 5039 2489 5096 ut
2542 5035 2961 5115 prolixitatem
3006 5036 3301 5110 vitemus,
3352 5043 3419 5097 et
3468 5036 3611 5114 quia
3636 5034 3691 5094 iu

2143 5129 2434 5190 omnihus
2488 5125 2619 5190 fere
2672 5131 2896 5192 eadem
2956 5137 3051 5192 est
3104 5131 3265 5192 ratio
3314 5128 3689 5210 quaestionis.

2142 5220 2413 5282 Primum
2441 5227 2653 5284 tamen
2681 5224 2962 5284 omnium
2993 5223 3094 5282 hic
3112 5224 3251 5302 jam
3292 5243 3424 5286 non
3462 5223 3691 5302 agimus

2140 5313 2219 5376 de
2240 5314 2551 5378 habitibus
2569 5315 2815 5390 infusis,
2832 5316 2940 5393 qui
2955 5315 3407 5396 justificantem
3436 5315 3691 5394 gratiam

2138 5409 2538 5484 comitantur,
2574 5410 2673 5472 vel
2702 5410 2895 5472 inille
2919 5409 3131 5488 aliquo
3158 5409 3351 5500 modo
3380 5411 3688 5472 continen-

2138 5506 2263 5578 tur,
2287 5509 2354 5564 ut
2405 5508 2551 5565 sunt
2587 5503 2845 5568 virtutes
2872 5503 3269 5583 Theologieoe
3306 5510 3373 5566 et
3402 5503 3685 5574 morales,
