3892 6167
1287 319 1608 374 DISPUTAT.
1643 318 1830 372 xtvn.
1877 319 2047 376 SEGT.
2082 320 2143 374 11.

3200 333 3317 390 403

95 421 296 485 stanti
326 419 754 500 conceptionis
781 419 972 482 fuisse
998 420 1082 482 illi
1131 420 1369 495 datam,
1403 439 1550 482 nam
1601 437 1682 480 ex
1759 423 1963 485 torem
1990 420 2093 482 cui
2146 436 2501 500 pareamus,
2538 422 2615 486 Et
2642 424 2945 503 probatur
2994 449 3067 490 ex
3126 452 3319 496 sacrae.

93 520 254 576 tune
279 513 516 593 incepit
547 530 685 576 esse
711 513 1024 587 sacerdos,
1061 516 1124 575 et
1145 513 1454 576 mediator
1473 511 1586 575 Dei
1615 516 1680 574 et
1760 511 2096 590 Scripturas
2116 512 2657 592 promissionibuS,
2690 517 2917 582 Psalm.
2946 524 2985 584 2
3006 538 3025 582 ε
3048 525 3186 606 Ego
3208 545 3317 590 au,-
3420 570 3431 580 .

83 608 460 682 hominum,
489 613 554 670 et
600 607 807 670 statim
855 607 1044 687 eoepit
1095 606 1466 672 sacrificium
1513 606 1678 670 Patri

85 721 214 780 pro
251 702 612 764 hominibus
657 700 912 774 offerre3
951 707 1078 765 tota
1107 701 1272 764 enim
1298 701 1520 766 Christi
1547 701 1676 764 vita

91 796 221 858 fuit
245 796 448 858 veluti
473 796 790 874 quoddam
821 796 1252 860 continuatum
1303 795 1676 860 sacrificium

85 890 282 968 qnod
319 890 386 950 in
413 896 595 952 utero
631 889 902 968 Virginis
943 889 1304 955 inchoatum
1339 895 1454 963 est,
1505 894 1566 950 et
1608 889 1676 951 in

91 1002 298 1046 cruce
351 987 898 1060 consummatum3
930 983 1096 1049 unde
1150 983 1241 1061 (ut
1287 1001 1476 1064 supra
1518 981 1676 1045 vidi·-

89 1079 277 1157 mus)
303 1078 520 1140 abillo
555 1078 757 1158 primo
787 1077 1041 1140 instanti
1085 1078 1312 1140 mereri
1339 1077 1526 1156 eoepit
1565 1076 1674 1136 ho·-

87 1173 410 1248 minibus,
443 1179 506 1234 et
532 1190 644 1252 pro
673 1171 794 1232 illis
821 1171 1202 1248 satisfacere,
1237 1178 1302 1234 el.
1323 1172 1510 1252 paulo
1537 1175 1680 1250 post

85 1285 213 1344 por
257 1267 425 1328 hane
477 1269 850 1345 potestatem
880 1266 1192 1328 Joanuem
1243 1264 1670 1339 sanctificavit,

85 1367 153 1422 et
179 1360 516 1422 Elisabeth
539 1359 770 1438 Spiritu
797 1361 1024 1420 Sancto
1054 1359 1338 1438 replevit,
1357 1366 1420 1420 et
1441 1358 1674 1422 Zacha-

81 1455 198 1518 riae
269 1457 516 1519 donum
563 1455 910 1534 prophetiae
981 1454 1248 1531 tribuit,
1301 1461 1364 1516 et
1407 1461 1674 1518 matrem

83 1568 284 1610 suam
323 1549 588 1613 auetiori
616 1549 838 1628 gratia,
865 1555 926 1613 et
947 1549 1176 1627 majori
1202 1548 1541 1629 prophetiae
1569 1547 1676 1612 do·

83 1662 178 1703 no
203 1642 580 1706 cumulavit.
613 1640 920 1721 Denique,
953 1661 1098 1707 eum
1125 1643 1254 1706 haee
1279 1647 1552 1722 potestas
1576 1659 1678 1704 ra·

85 1738 280 1800 tione
310 1737 566 1798 unionis
612 1735 822 1798 debita
869 1743 1052 1811 esset,
1082 1753 1292 1815 neque
1338 1736 1468 1798 ulla
1519 1741 1682 1800 esset

89 1833 290 1904 ratio,
331 1829 434 1893 vel
489 1830 1006 1910 impedimentum
1047 1830 1218 1910 quod
1247 1831 1328 1892 ab
1383 1830 1488 1892 illa
1521 1828 1681 1892 obti-

87 1925 321 1986 nenda
373 1923 746 1996 retardaret,
775 1925 986 1986 statim
1021 1923 1482 1986 communicata
1531 1929 1625 1987 est
1657 1941 1673 1996 ;

85 2039 256 2080 usus
277 2036 432 2080 vero
457 2017 593 2097 ejus
615 2017 680 2078 iu
705 2017 992 2080 discursu
1011 2017 1154 2083 vitae
1184 2036 1295 2097 pro
1324 2023 1676 2096 temporum

87 2113 578 2194 opportunitate
605 2111 1072 2174 demonstratus
1095 2117 1226 2186 est3
1259 2111 1501 2191 plenior
1529 2129 1678 2174 vero

89 2213 158 2268 et
189 2207 450 2286 integra
487 2205 912 2268 manifestatio
947 2205 1086 2283 ejus
1105 2211 1247 2284 post
1277 2205 1678 2268 resurreetio·

87 2318 254 2361 nem
287 2297 604 2379 apparuit,
629 2306 698 2362 ut
725 2299 904 2360 multi
941 2300 1156 2362 Patres
1191 2297 1439 2370 docent,
1492 2315 1677 2379 expo·

89 2400 337 2456 nentes
360 2393 426 2455 in
454 2394 624 2458 hune
666 2411 920 2458 sensum
965 2393 1156 2460 verba
1185 2393 1332 2458 illa:
1379 2394 1550 2458 Data
1588 2397 1678 2458 est

91 2489 262 2552 mihi
283 2486 477 2551 omnis
507 2491 772 2568 poce-rias
813 2489 877 2550 in
921 2487 1060 2555 ooelo
1091 2493 1146 2552 et
1177 2487 1242 2556 in
1284 2490 1470 2555 terra.

747 2667 962 2723 SECTIO
993 2669 1054 2723 11.

175 2806 376 2862 (remim
403 2805 651 2872 cler-istus
679 2812 742 2862 ut
768 2821 1014 2862 summus
1050 2804 1318 2888 Sacer-dus
1357 2804 1606 2862 habuerit

445 2899 771 2962 potestatem
799 2891 871 2947 ad
897 2889 1154 2963 ferenda-5
1179 2891 1342 2963 leges.

193 3051 254 3110 1.
293 3047 364 3110 ln
392 3045 514 3108 hoe
539 3045 730 3110 dubio
751 3047 876 3112 duo
901 3064 1146 3108 errores
1167 3045 1429 3110 extremi
1453 3063 1676 3116 caven-

97 3141 172 3200 di
213 3145 386 3203 sunt.
421 3139 598 3204 Alter
615 3139 732 3205 tuit
760 3140 1266 3219 Pelagianorum,
1293 3139 1456 3200 Petri
1485 3138 1679 3203 Abat-

97 3233 298 3306 lardi‚
329 3238 394 3295 et
441 3232 710 3298 aliomm
753 3234 1185 3298 haereticorum
1213 3280 1228 3308 ,
1275 3232 1383 3312 qui
1433 3230 1678 3297 Christo

99 3329 430 3406 negarunt
474 3327 798 3406 proprium
857 3346 1090 3390 munus
1147 3326 1562 3406 redemptoris
1619 3331 1684 3388 et

101 3441 174 3481 sn
189 3419 592 3482 notificatoris
615 3422 836 3497 nostri,
851 3421 1184 3501 solumque
1209 3420 1302 3482 illi
1321 3419 1684 3482 tribuebant

101 3515 394 3576 officium
421 3513 714 3590 doctoriS„
747 3518 809 3576 et
831 3515 913 3579 ad
937 3532 1254 3578 summum
1281 3511 1678 3592 legislatoris,

102 3610 350 3672 Contra
381 3626 542 3688 quos
583 3607 912 3674 haereticos
960 3611 1112 3670 satis
1149 3609 1214 3670 in
1253 3605 1682 3688 superioribus

103 3703 356 3763 dietum
385 3709 503 3764 est.
557 3702 728 3769 Alter
775 3709 870 3764 est
911 3701 1254 3767 multorum
1301 3701 1684 3764 Lutherano—

103 3813 286 3866 rum,
314 3795 426 3874 qui
451 3795 538 3862 ita
569 3795 852 3856 tribuunt
870 3795 1110 3858 Christo
1139 3795 1410 3856 officium
1439 3793 1686 3856 redem-

103 3890 318 3970 ptoris
347 3895 415 3952 et
433 3889 906 3954 sanctificatoris
929 3890 1149 3965 nostri,
1177 3897 1248 3950 ut
1292 3889 1424 3952 iere
1451 3907 1687 3953 munus

105 3982 500 4064 legislatoris
532 3991 768 4064 negent
795 4003 811 4056 ς
845 3984 1060 4046 dieunt
1109 3983 1276 4044 enim
1313 3983 1520 4062 legem
1548 4001 1686 4063 gra-

108 4077 222 4138 tiae
255 4094 396 4138 esse
425 4077 632 4157 legem
655 4077 980 4154 libertatis,
1009 4076 1291 4156 nihilque
1314 4077 1378 4138 in
1407 4094 1482 4137 ea
1511 4073 1688 4138 Chri-

111 4176 260 4231 stus
296 4171 702 4252 praecepisse,
752 4171 922 4252 quod
960 4171 1043 4234 ad
1088 4170 1358 4234 salutem
1401 4187 1691 4234 neeessa-

113 4265 292 4325 rium
329 4265 428 4340 sit,
465 4271 692 4344 praeter
729 4265 926 4326 solam
990 4265 1201 4338 fidem.
1249 4263 1476 4328 Contra
1529 4281 1690 4343 quos

113 4357 456 4420 hoeretieos
504 4376 580 4420 ex
606 4359 884 4438 professo
905 4361 970 4420 iu
1002 4360 1263 4422 materia
1287 4359 1367 4420 de
1401 4357 1646 4439 legibus
1663 4403 1686 4434 ,

119 4451 208 4512 de
233 4450 382 4528 fido,
411 4455 478 4514 et·
517 4451 596 4514 de
630 4453 854 4532 gratia,
883 4452 1324 4520 disserendum
1359 4457 1480 4514 est.
1511 4451 1690 4512 Nunc

121 4545 426 4618 breviter,
466 4551 772 4624 quantum
827 4565 1106 4627 praeseus
1155 4546 1334 4610 loeus
1367 4545 1682 4626 postulat,

123 4637 594 4703 ostendendum
625 4645 716 4701 est
746 4637 1056 4704 Christum
1085 4643 1148 4702 et
1196 4643 1568 4718 potestatem
1588 4681 1607 4714 ,
1633 4644 1698 4702 et

127 4749 320 4792 usum
350 4727 754 4799 ferendarum
773 4733 988 4812 legum
1017 4739 1080 4796 et
1105 4732 1516 4814 spiritualium
1541 4748 1698 4812 proe·

129 4831 458 4902 ceptorum
484 4827 920 4907 assumpsisse.

213 4923 276 4980 2.
327 4918 607 4984 Clu-istm
647 4921 966 5002 lepidam·
990 4923 1224 4989 mundi.
1247 4953 1326 4975 --
1345 4922 1494 4984 Dieo
1537 4937 1692 5006 ergo

129 5014 368 5093 primo,
420 5012 734 5078 Christum
771 5016 1110 5090 Dominum
1149 5015 1444 5080 habuisse
1487 5021 1695 5096 potes·

131 5115 332 5172 tatem
349 5105 800 5186 jurisdictionis
827 5108 1167 5188 spiritual-is
1189 5109 1270 5172 ad
1287 5109 1584 5180 ferendas
1605 5108 1695 5170 le·

133 5218 248 5280 ges
277 5201 512 5282 quibus
531 5201 822 5264 homines
842 5201 1172 5281 obligaret.
1206 5203 1314 5264 Est
1341 5202 1420 5264 de
1439 5200 1562 5262 fide
1584 5201 1696 5264 de*

133 5296 311 5358 finita
335 5296 402 5356 in
422 5295 692 5358 Concilio
719 5296 1109 5373 Tridentino,
1131 5314 1292 5360 sess.
1319 5297 1382 5373 6,
1413 5313 1556 5360 ean.
1587 5297 1691 5368 21,

137 5389 244 5450 ubi
273 5388 574 5459 definitur
599 5389 904 5455 Christum
939 5407 1070 5450 non
1111 5389 1316 5452 salum
1341 5389 1526 5460 nobis
1555 5405 1696 5455 onze

135 5486 354 5546 datum
389 5483 460 5546 iu
481 5483 968 5563 redemptorem,
993 5483 1104 5548 sed
1135 5483 1324 5549 etiam
1352 5484 1421 5546 in
1449 5481 1700 5562 legisla-

1759 610 1874 671 tom
1904 609 2272 672 constitutus
2299 625 2433 670 rum
2464 609 2598 674 Rem
2628 609 2699 672 ab
2728 629 2827 684 oo,·
2868 620 2931 676 et
2960 615 3121 680 infra
3150 635 3167 680 ε
3196 621 3315 684 Rc-

1756 718 1858 781 ffles
1902 721 1997 768 eos
2026 705 2093 766 in
2117 705 2299 784 via-yet
2318 708 2545 780 ferrea,
2577 706 2641 768 id
2670 711 2791 782 est,
2834 709 3162 790 inflexibili
3176 717 3319 794 jur·-

1758 797 1926 870 tz'tia,
1958 803 2029 861 ut
2047 799 2301 878 exponit
2340 801 2603 878 August.
2622 823 2639 876 3
2667 801 2939 864 Hilarius
2964 811 3175 870 autom
3207 811 3319 872 ad-

1754 892 1940 952 vertit
1981 892 2245 952 verbum
2296 909 2570 968 graecum
2612 906 2868 969 ποιμαίνω,
2916 898 3084 960 idem
3130 903 3317 982 signi-

1754 980 1969 1058 ficare,
1992 985 2159 1062 quod
2182 993 2507 1064 pastorum
2534 1005 2706 1050 more
2736 989 3113 1069 gubernare,
3148 997 3317 1074 quod

1759 1077 1922 1140 inter
1951 1079 2237 1142 homiues
2272 1079 2439 1142 idem
2473 1084 2759 1162 estquod
2792 1103 3013 1163 regere
3040 1106 3154 1166 per
3170 1089 3319 1152 doe-

1757 1171 2015 1248 triuam,
2044 1180 2107 1236 et
2132 1174 2365 1252 legem,
2400 1192 2537 1252 quae
2562 1176 2646 1238 ibi
2673 1197 2787 1256 per
2814 1181 3051 1259 vio-qam
3080 1183 3319 1261 signifi·-

1757 1271 1959 1340 eatur,
1998 1273 2059 1328 et
2100 1267 2246 1344 quia
2280 1269 2658 1332 solidissima
2686 1275 2749 1333 et
2796 1272 3150 1338 inflexibilis
3197 1284 3315 1352 est,

1755 1363 1961 1436 ferrea
1998 1360 2250 1434 dicitur,
2282 1362 2362 1424 de
2406 1381 2531 1442 qua
2566 1365 2791 1426 Psalm.
2822 1369 2943 1430 44:
2991 1369 3181 1449 Virya
3216 1373 3317 1433 di-

1754 1453 2040 1516 rectionis
2064 1471 2177 1516 seu
2206 1457 2536 1535 aequitatis,
2570 1457 2749 1538 virae
2773 1462 2949 1539 requi
2978 1465 3071 1524 tui
3082 1488 3104 1536 ;
3148 1465 3317 1528 unde

1755 1548 1898 1616 lsai.
1923 1550 2025 1622 33,
2052 1550 2131 1612 de
2162 1549 2401 1614 Christo
2432 1552 2695 1616 dieitur:
2732 1556 3032 1622 Dominus
3055 1577 3163 1622 roa>
3186 1577 3322 1624 nos·

1759 1645 1880 1717 ter,
1912 1643 2213 1706 Dominus
2248 1645 2469 1726 legifer
2519 1653 2764 1719 nostem·
2794 1655 2856 1712 et
2909 1651 3143 1717 Jerem.
3198 1656 3265 1714 31
3299 1675 3313 1714 :

1761 1736 1930 1798 Dabo
1984 1737 2166 1820 layum
2211 1756 2404 1802 meam
2456 1741 2527 1804 in
2562 1743 2841 1806 cordibus
2894 1761 3117 1821 eorum,
3150 1765 3315 1825 quae,

1759 1826 1979 1890 Matth.
2018 1833 2087 1892 ss
2117 1875 2133 1904 ‚
2172 1832 2399 1912 jaqum
2452 1851 2635 1898 suave
2678 1835 2924 1911 dicitur,
2966 1844 3035 1900 ut
3068 1841 3322 1920 exponit

1761 1921 1950 2001 Cyril.
1975 1923 2305 1998 Alexand„
2347 1927 2453 1988 lib.
2482 1929 2521 1988 2
2550 1928 2631 1988 ad
2654 1931 2902 2010 Regin„
2938 1933 3057 1994 sub
3090 1935 3271 1996 titulo
3300 1955 3315 1998 ε

1765 2013 1936 2088 Quod
1983 2015 2267 2082 Clu-irtus
2310 2020 2396 2082 sit
2430 2021 2620 2094 Dm,
2670 2040 2741 2085 eas
2785 2025 3118 2096 Matckaeo,·
3148 2027 3319 2090 unde

1761 2109 1953 2170 etiam
2000 2117 2244 2174 constat
2273 2111 2411 2174 haee
2437 2114 2671 2176 veritus
2704 2135 2783 2176 ex
2822 2135 2943 2178 usu
2981 2118 3171 2198 hujus
3212 2139 3323 2200 po-

1757 2203 2037 2277 testatis;
2078 2223 2251 2276 nam,
2290 2206 2471 2270 Joan.
2510 2210 2609 2282 13,
2640 2209 2789 2270 dieit
2822 2209 2955 2289 ipse
2999 2209 3317 2276 Christus:

1757 2297 2120 2362 Mandatum
2148 2317 2341 2362 meum
2390 2303 2461 2364 do
2488 2303 2686 2366 vobis:
2722 2309 2783 2364 et
2811 2321 2866 2367 e.
2904 2308 2981 2366 14
3012 2327 3027 2366 z
3064 2305 3149 2371 Si
3180 2309 3321 2372 dili-

1755 2391 1908 2470 qitis
1935 2409 2051 2466 mo,
2092 2394 2385 2458 mandata
2433 2413 2565 2458 mea
2604 2402 2865 2469 servate,
2914 2405 2969 2462 ec
3004 2401 3111 2481 qm*
3148 2401 3323 2467 habet

1755 2486 2049 2548 mandata
2076 2503 2229 2562 mea,
2258 2493 2317 2550 et
2340 2499 2545 2552 servae
2580 2507 2670 2563 aa,
2702 2488 2806 2552 illo
2842 2496 2929 2557 est
2959 2496 3064 2572 qm·
3112 2493 3323 2578 diligit

1755 2595 1878 2646 mo:-
1911 2585 1973 2640 et
2002 2598 2056 2642 e.
2113 2581 2233 2642 15:
2274 2579 2361 2645 Si
2403 2590 2707 2660 proeoopta
2743 2601 2875 2648 moa
2902 2589 3317 2664 servaveritis,

1758 2672 2074 2736 wambais
2102 2675 2169 2738 iu
2198 2675 2507 2741 dilectione
2532 2695 2695 2742 mea.-
2732 2683 2795 2740 et
2824 2678 3039 2742 Matth.
3084 2680 3195 2741 ult.
3226 2682 3321 2742 in·-

1759 2766 1933 2844 quit:
1969 2767 2258 2832 Domum
2290 2786 2387 2832 eos
2426 2787 2665 2834 servare
2708 2771 2909 2835 omnia
2962 2791 3325 2856 quatecunque

1759 2861 2045 2926 mandavi
2088 2862 2271 2924 vobis.
2306 2863 2479 2924 Idem
2518 2870 2763 2926 constat
2797 2883 2872 2926 ex
2900 2866 3025 2930 illis
3056 2871 3322 2934 commi-

1759 2954 2119 3018 nationibus
2144 2970 2161 3021 :-
2191 2955 2345 3021 Nisi
2370 2959 2507 3038 quis
2524 2964 2771 3022 renatus
2788 2963 3011 3036 fuerit:
3039 2963 3221 3026 Joan.
3246 2967 3283 3028 3
3298 2981 3320 3026 ε

1756 3049 1852 3114 Et
1879 3049 2007 3114 uisi
2028 3049 2537 3119 manducaveritis
2574 3071 2813 3118 carnem
2834 3053 2995 3118 Filii
3036 3056 3320 3134 hominis,

1757 3141 1943 3204 Joan.
1988 3145 2061 3218 6,
2102 3159 2245 3222 qum
2296 3152 2681 3223 praeceptum
2729 3149 3081 3210 necessario
3126 3151 3322 3214 invol-

1759 3241 1934 3296 vunt.
1968 3235 2145 3298 Ratio
2174 3255 2323 3298 vero
2350 3243 2463 3306 est,
2498 3245 2633 3300 tum
2664 3240 2809 3318 quia
2842 3247 3037 3302 totum
3064 3243 3183 3306 hoc
3207 3245 3321 3306 de-

1760 3327 1961 3389 bitum
1996 3333 2093 3390 est
2140 3330 2475 3407 majestati,
2519 3337 2579 3392 et
2621 3332 2807 3411 regiae
2851 3352 2921 3394 ae
2951 3337 3321 3400 sacerdotali

1761 3419 2045 3498 dignitati
2084 3419 2329 3495 Christi,
2361 3423 2507 3502 quia
2536 3441 2721 3486 verus
2744 3444 2857 3486 rex
2885 3425 3076 3490 habet
3106 3435 3321 3507 potes-

1762 3517 1959 3578 tatem
1980 3511 2229 3578 ferendi
2246 3513 2443 3593 legeS,
2470 3521 2661 3595 atque
2686 3518 2845 3580 adeo
2870 3525 2935 3578 et
2955 3517 3277 3600 obligandi
3300 3541 3317 3596 3

1762 3612 1900 3668 tum
1944 3607 2133 3670 etiam
2177 3608 2324 3686 quia
2352 3608 2433 3671 ad
2462 3609 2649 3674 tinem
2677 3611 2845 3673 illius
2874 3613 3229 3688 sacerdotii,
3262 3622 3327 3678 et

1764 3700 1846 3764 ad
1873 3701 2143 3764 salutem
2168 3708 2235 3764 et
2260 3702 2499 3767 bon-um
2519 3711 2805 3768 nostrum
2830 3713 2966 3768 erat
2983 3707 3105 3770 hoe
3136 3709 3323 3771 etiarn

1764 3795 2214 3858 necessarium.

1845 3890 1906 3952 3.
1960 3887 2237 3968 Objmio.
2256 3889 2701 3970 -Responsim
2722 3925 2803 3938 --
2823 3892 3199 3974 Differentiae
3234 3897 3334 3958 in-

1770 3987 1862 4046 ter
1883 3982 2071 4062 leuem
2100 3980 2340 4048 Christi
2368 3994 2426 4048 et
2450 3985 3040 4065 Marsuam-Dices:
3070 3987 3255 4050 Joau.
3290 3993 3323 4052 1

1771 4077 2035 4138 dieitur:
2070 4075 2197 4140 Leo
2230 4077 2377 4142 data
2419 4095 2531 4158 per
2572 4079 2849 4158 Moysen,
2892 4078 3102 4160 qratia
3130 4086 3331 4146 autem

1771 4175 1832 4234 ot
1857 4169 2083 4233 veritas
2101 4187 2215 4251 per
2246 4167 2596 4234 Cho-ictuum
2624 4170 2935 4234 indicatur
2958 4191 3111 4252 ergo
3145 4173 3331 4238 Chri-

1771 4267 1938 4325 stum
1966 4279 2095 4327 non
2134 4260 2329 4325 fuisse
2358 4263 2803 4342 legislatorem,
2842 4266 3002 4329 sicut
3040 4267 3323 4349 Moysen.

1768 4354 2127 4435 Respondet
2161 4355 2570 4435 Augustinus,
2600 4362 2729 4420 toto
2764 4358 2875 4420 lib.
2906 4359 2987 4420 de
3020 4359 3228 4440 Spirit.
3268 4369 3333 4426 et

1767 4449 1888 4524 1it.,
1916 4449 2417 4529 unumquodque
2442 4450 2837 4514 denominari
2856 4452 2938 4514 ab
2966 4471 3045 4516 eo
3072 4449 3245 4532 quod
3266 4457 3331 4522 iu

1775 4543 1884 4608 illo
1929 4543 2317 4624 praecipuum
2364 4549 2463 4606 est
2494 4562 2511 4618 ς
2545 4544 2649 4606 lex
2674 4552 2892 4608 autem
2936 4547 3171 4626 Moy-sis
3217 4547 3335 4613 fuit

1775 4641 2023 4698 tantum
2056 4635 2181 4710 lex,
2226 4636 2631 4716 praecipiebat
2656 4639 2827 4701 enim
2858 4645 2922 4700 et
2976 4659 3105 4702 non
3148 4641 3333 4720 juva-

1775 4731 1908 4806 bat,
1939 4736 2004 4792 et
2034 4730 2179 4792 ideo
2207 4747 2443 4792 nornen
2487 4731 2647 4812 legis
2691 4731 2979 4805 retinuit;
3032 4733 3135 4796 lex
3183 4753 3335 4799 vero

1776 4822 2003 4890 Christi
2037 4829 2101 4886 et
2142 4822 2427 4902 praecipit
2457 4829 2519 4888 et
2558 4825 2761 4903 juvat,
2794 4825 2921 4886 imo
2950 4842 3155 4904 pauca
3181 4845 3339 4906 prae«

1771 4919 1942 4998 cipit,
1974 4921 2038 4980 et
2064 4914 2403 4995 plurimum
2436 4917 2653 4996 gratia
2674 4916 2941 4994 eonfut,
2966 4918 3069 4980 vel
3094 4920 3329 4998 potius,

1773 5017 1961 5092 prout
1980 5010 2063 5072 ab
2092 5009 2229 5088 ipso
2266 5004 2511 5070 Christo
2540 5007 2903 5073 immediate
2929 5011 3058 5072 lata
3086 5017 3205 5090 est,
3236 5014 3345 5074 ni*

1773 5105 1864 5167 hil
1891 5103 2073 5184 praeei
2078 5104 2191 5182 pit,
2212 5100 2334 5164 nisi
2362 5100 2533 5180 quod
2555 5101 2641 5172 ad
2663 5102 2935 5184 gratiam
2972 5103 3341 5186 aagendam·

1776 5198 2065 5262 conferre
2101 5197 2327 5278 potest,
2376 5194 2527 5274 quia
2570 5195 2639 5256 in
2660 5195 2803 5275 lege
2849 5213 3009 5260 nova
3052 5198 3334 5262 Christus

1775 5293 1951 5354 nulla
1982 5290 2105 5352 aha
2136 5294 2451 5369 praeeepta
2482 5287 2713 5367 posuit,
2762 5288 2887 5352 nisi
2930 5289 3079 5354 fidei
3127 5298 3189 5354 et
3234 5309 3335 5352 sa-

1777 5389 2265 5450 era-mentorum.
2298 5381 2377 5446 Et
2393 5379 2537 5446 ideo
2554 5381 2692 5448 haee
2714 5383 2837 5459 lez,
2864 5385 3079 5464 gratim
3102 5401 3335 5448 nomeu

1777 5478 2074 5554 obtinuit,
2096 5476 2397 5557 otjicaum
2424 5489 2612 5540 suane
2628 5480 2884 5539 vocatur
2898 5493 2921 5554 ;
2958 5483 3021 5540 αἱ
3049 5493 3091 5540 a
3116 5475 3333 5552 Paulo,
