3892 6167
609 319 720 382 {80

1809 321 2045 387 Quis-51⁸.
2084 319 2259 373 xxttt.
2294 319 2496 372 Anne.
2534 315 2615 372 tv,

597 425 905 506 positione
953 425 1098 488 licet
1149 421 1561 486 universalem
1613 423 1882 498 iuferre3
1931 441 2159 486 conse-
2243 419 2522 494 nitatem,
2546 435 2673 478 non
2702 415 2993 496 designat
3020 409 3368 475 formaliter
3384 417 3623 478 naturam
3636 417 3713 480 lm·
3766 407 3768 412 ’

600 535 804 598 quens
829 521 1042 580 autem
1071 515 1300 579 falsum
1334 533 1474 578 esse
1503 521 1786 590 constat,
1839 515 1989 596 quia
2030 533 2159 577 non
2239 529 2519 588 manum,
2544 529 2653 573 seu
2688 525 3025 590 personam
3050 505 3423 582 humanam,
3450 509 3513 569 ut
3534 510 3620 582 sie,
3640 513 3715 574 sed

601 611 848 692 agimus
875 609 954 673 de
977 609 1108 673 filio
1137 609 1243 671 Dei
1271 609 1389 670 sub
1417 625 1494 671 ea
1521 607 1823 672 latissima
1867 615 1932 672 et
1963 611 2160 670 met-a·
2240 604 2445 666 solum
2474 604 2867 685 suppositum
2902 601 3087 662 Verbi
3117 599 3239 661 sub
3276 605 3491 662 natura
3512 601 3715 668 humana

601 703 861 784 phorica
906 701 1386 784 significatione,
1438 719 1564 779 qua
1607 702 1813 764 omnis
1847 707 2157 772 creatura,
2240 700 2587 762 subsistens
2608 745 2625 772 ,
2670 697 2757 762 ita
2796 703 2865 760 ut
2896 713 3114 758 sensus
3144 695 3356 757 solum
3390 695 3487 772 sit,
3513 697 3635 759 illud
3662 701 3719 780 ip-

601 805 666 860 et
689 795 1030 878 praesertim
1055 793 1400 870 rationalia,
1431 797 1640 873 potest
1673 793 1792 857 dici
1827 794 1993 856 filins
2017 795 2157 868 Dei;

603 891 718 953 sed
750 889 996 970 agimus
1038 887 1118 950 de
1169 887 1369 950 altiori
1415 887 1714 951 filiatione
1759 887 1992 961 divina,
2025 907 2163 969 quac

603 981 866 1047 includit
905 981 1535 1044 communicationem
1565 981 1850 1062 ejusdem
1893 983 2163 1048 beatitu-

603 1077 793 1154 dinis,
826 1085 888 1140 et
915 1075 1140 1139 divinat
1168 1073 1568 1138 haereditatis.
1603 1077 1883 1140 Sumitur
1910 1095 2063 1158 ergo
2094 1075 2167 1140 il-

605 1171 740 1246 lud,
767 1173 834 1234 in
857 1175 1172 1253 quantum,
1203 1169 1644 1250 specificative,
1671 1177 1744 1232 ut
1791 1189 2015 1233 sensus
2061 1171 2163 1244 sit,

609 1281 690 1326 an
715 1261 997 1326 Clu-istus
1037 1261 1103 1323 in
1135 1261 1528 1324 humanitate
1563 1261 1911 1326 subsistens
1939 1263 2170 1327 habeat

607 1357 672 1420 in
693 1355 1086 1418 humanitate
1109 1355 1247 1434 ipsa
1267 1353 1700 1417 habitudinem
1725 1357 2027 1438 aliquam,
2054 1375 2168 1422 seu

605 1449 978 1514 relationem
1001 1447 1136 1510 Filii
1168 1447 1250 1509 ad
1271 1447 1493 1511 Deum.

691 1543 752 1604 3.
793 1541 940 1604 Dico
971 1559 1122 1622 ergo
1151 1539 1395 1620 primo:
1429 1541 1730 1619 Christus,
1768 1541 1833 1604 in
1862 1547 2170 1621 quantum

609 1637 824 1712 homo,
857 1643 952 1698 est
987 1633 1178 1696 Filius
1207 1633 1336 1696 Dei.
1371 1635 1521 1698 Haec
1553 1637 1871 1698 conclusio
1901 1637 2173 1700 sumitur

609 1747 686 1794 ex
717 1730 786 1791 D.
832 1730 1072 1792 Thema
1115 1735 1176 1790 et
1228 1727 1589 1791 auctoribus
1627 1729 1890 1792 citandis
1917 1731 2172 1793 conclu-

611 1823 786 1886 sione
843 1821 1151 1901 sequenti.
1199 1821 1274 1882 Et
1325 1820 1525 1902 primo
1577 1821 1782 1904 colligi
1835 1829 2045 1906 potest
2096 1843 2172 1888 ex

609 1915 884 1980 Adriano
910 1917 1080 1994 Papa
1107 1919 1170 1977 et
1195 1914 1468 1977 Concilio
1499 1915 1815 1993 Francos„
1841 1917 1996 1980 locis
2021 1919 2173 1981 cita-

613 2011 723 2083 tis3
757 2029 834 2072 ex
863 2009 1144 2089 professo
1169 2009 1336 2071 enim
1369 2009 1637 2089 probare
1665 2010 1959 2074 videntur
1996 2013 2175 2075 Chri·-

611 2109 799 2175 stum,
828 2121 956 2165 non
987 2102 1190 2164 solum
1221 2103 1570 2164 secundum
1600 2103 1988 2169 divinitatem
2011 2151 2029 2182 ‚
2064 2107 2176 2168 sed

611 2199 802 2260 etiam
851 2195 1196 2258 secundum
1251 2197 1708 2260 humanitatem
1767 2215 1905 2260 esse
1952 2197 2176 2262 Filium

611 2291 728 2354 Dei
763 2288 1113 2351 naturalem
1141 2307 1157 2362 3
1193 2307 1342 2370 ergo
1393 2289 1590 2352 multo
1631 2291 1830 2372 magis
1857 2289 2175 2356 docebunt

613 2403 752 2446 esse
785 2381 1008 2446 Filium
1052 2381 1181 2444 Dei.
1215 2381 1394 2446 Unde
1425 2383 1736 2446 Adrianus
1763 2430 1779 2459 ,
1811 2385 2175 2464 ponderans

615 2477 878 2540 verbum
923 2475 1078 2538 illud
1117 2475 1199 2538 ad
1242 2477 1422 2538 Rom.
1456 2477 1536 2538 8:
1577 2477 1844 2562 Propria
1873 2477 2042 2542 Filio
2067 2499 2177 2544 suo

613 2589 732 2634 non
773 2569 1059 2652 pepercit,
1107 2569 1212 2633 sed
1246 2587 1361 2651 pro
1403 2569 1568 2634 nobis
1611 2571 1884 2636 omnibus
1919 2573 2179 2638 tradidit

615 2665 812 2740 illum,
845 2662 1048 2742 inquit
1093 2679 1110 2725 t
1143 2663 1396 2727 Scimus
1437 2665 1583 2744 quia
1629 2683 1747 2727 non
1786 2669 1876 2728 est
1907 2668 2176 2732 traditus

613 2757 936 2823 secundum
963 2753 1346 2821 divinitatem
1369 2800 1390 2832 ,
1437 2757 1544 2822 sed
1588 2759 1905 2822 secundum
1932 2760 2003 2824 id
2024 2762 2185 2844 quod

615 2869 792 2918 cerus
823 2853 990 2916 nomo
1019 2855 1152 2916 erat
1171 2878 1197 2924 ;
1219 2851 1416 2925 illum,
1439 2854 1758 2928 nimirum,
1781 2857 1888 2936 qui
1907 2857 2179 2920 traditus

615 2952 706 3011 est
728 2992 745 3018 ,
779 2947 1071 3010 hominem
1097 2945 1322 3028 ipsum,
1353 2945 1683 3028 Apostolus
1713 2949 2035 3030 proprium
2062 2949 2180 3012 Dei

616 3039 856 3103 Filium
877 3043 1253 3120 protestatur
1267 3063 1293 3111 ,·
1327 3045 1388 3101 et
1430 3037 1714 3116 inferius,
1741 3057 2066 3120 exponens
2096 3041 2181 3106 si·-

618 3131 849 3194 militer
893 3130 1044 3192 illud
1097 3129 1316 3192 Matth.
1360 3133 1421 3205 3,
1475 3137 1541 3193 et
1571 3135 1646 3194 17
1694 3131 1870 3197 :Hie
1895 3139 1989 3198 cst
2006 3135 2182 3216 filius

620 3243 783 3290 meus
835 3226 1104 3300 dilectus,
1154 3225 1398 3306 inquit:
1437 3225 1639 3308 Super
1687 3245 1856 3310 quem
1884 3229 2180 3294 descendit

623 3317 911 3404 Spiritus
965 3317 1240 3384 Sanctus
1285 3319 1352 3382 in
1397 3319 1584 3402 speeie
1629 3319 1944 3398 columba,
2003 3339 2185 3403 super

619 3413 834 3486 Deum.
885 3429 968 3474 an
1009 3429 1194 3492 super
1229 3413 1520 3476 hominem
1541 3411 1572 3472 ,ἲ
1612 3417 1678 3475 et
1716 3411 1916 3474 infra:
1952 3415 2183 3480 Secun-

621 3505 761 3570 dum
807 3506 895 3582 id,
943 3507 1099 3587 quod
1135 3505 1304 3568 homo
1347 3509 1440 3570 est
1461 3551 1478 3576 ‚
1527 3505 1844 3588 Spiritum
1881 3507 2184 3574 Sanctum

622 3617 802 3680 super
833 3617 893 3663 se
921 3599 1242 3663 venientem
1268 3600 1534 3680 suscepit
1553 3623 1580 3672 ,·
1617 3599 1685 3662 de
1720 3617 1784 3664 eo
1829 3617 1969 3680 erpo
1998 3599 2185 3662 homi·

621 3691 720 3756 nis
741 3693 900 3771 filio,
931 3709 1111 3772 super
1139 3709 1308 3772 quem
1340 3690 1628 3770 Spiritus
1657 3691 1928 3757 Sanctus
1953 3693 2183 3756 descen·

621 3787 737 3861 dit,
780 3783 920 3848 licet
949 3801 1107 3847 unus
1144 3785 1230 3848 sit
1269 3783 1386 3847 Dei
1409 3789 1464 3846 et
1493 3783 1751 3848 nominis
1782 3783 1993 3848 Filius
2012 3831 2027 3859 ‚
2071 3803 2186 3848 coa

622 3877 842 3940 Patris
869 3878 1162 3952 intonuit,
1193 3877 1392 3938 dicens
1421 3899 1444 3936 .·
1473 3877 1606 3940 Hic
1646 3881 1734 3940 est
1776 3875 1985 3940 Filius
2020 3895 2183 3941 meus

619 3971 902 4046 dilectus,
933 3972 1002 4031 in
1028 3987 1140 4052 quo
1163 3969 1315 4031 milti
1349 3970 1484 4033 bene
1509 3969 1860 4051 complaciti.
1887 3967 1969 4034 Si
1989 3987 2189 4034 seeun-

621 4063 763 4128 dum
791 4061 1169 4128 divinitatem
1197 4061 1480 4138 dixisset,
1521 4079 1894 4146 nequaquam
1921 4063 2143 4129 diceret
2163 4091 2187 4125 .-

623 4159 708 4220 In
737 4175 848 4240 quo
877 4157 1030 4218 mihi
1060 4155 1196 4220 bene
1218 4155 1573 4240 complacui,
1604 4157 1708 4220 sed
1730 4157 2137 4222 tantummodo
2163 4182 2187 4218 .-

623 4251 705 4313 Iu
729 4267 844 4332 quo
870 4249 1023 4312 milti
1049 4249 1181 4311 bene
1193 4249 1400 4329 placui
1411 4273 1440 4322 ;
1463 4251 1604 4313 dum
1627 4267 1766 4330 erqo
1796 4249 1941 4314 dicit
1964 4275 1989 4310 .·
2016 4249 2185 4314 Gom·-

619 4344 852 4422 placui,
881 4347 1071 4406 tetam
1098 4339 1284 4405 simul
1313 4339 1682 4406 Trinitatem
1707 4342 2180 4422 comprehendit,

623 4435 865 4518 quinia
892 4433 1123 4497 homine
1149 4433 1390 4498 Christo
1434 4441 1564 4498 tota
1589 4433 1943 4516 complacuit
1978 4435 2184 4498 stim·-

622 4535 741 4594 tas.
768 4528 1272 4604 Animadvertite,
1315 4527 1460 4609 quia
1485 4527 1646 4590 nihil
1667 4527 1836 4591 vobis
1870 4533 2084 4605 restat,
2114 4535 2183 4594 ut

624 4623 943 4688 secundam
973 4621 1360 4684 divinitatem
1381 4621 1786 4684 tantummodo
1813 4623 2073 4701 credatis
2094 4624 2187 4687 da·-

621 4718 788 4781 oeisse
805 4717 1057 4779 Patrem
1069 4738 1093 4775 .·
1107 4713 1242 4778 Hic
1261 4719 1348 4777 est
1369 4713 1581 4779 Filius
1606 4728 1772 4778 meus
1789 4713 2067 4792 dilectus,
2084 4717 2190 4779 sed

617 4811 829 4890 potius
877 4807 1192 4872 seeundum
1241 4807 1678 4872 humanitatem
1705 4853 1721 4883 ,
1774 4826 1957 4891 snper
2013 4827 2184 4892 quem

628 4902 920 4982 Spiritus
977 4901 1250 4966 Sanctus
1307 4901 1540 4964 dicitur
1601 4902 1986 4965 descendisse.
2048 4901 2186 4965 Alia

623 4997 818 5058 multa
851 4995 1070 5057 similia
1103 4993 1440 5070 habentur,
1483 4999 1610 5056 tam
1643 4993 1708 5054 in
1745 4995 1851 5056 illa
1895 4995 2183 5074 epistola,

620 5107 814 5172 quam
854 5089 915 5149 in
946 5087 1068 5149 alia
1102 5089 1293 5150 totius
1321 5085 1597 5149 Concilii.
1633 5087 1757 5149 Sed
1785 5087 1916 5149 haec
1945 5089 2182 5160 omnia,

625 5190 693 5247 ut
718 5201 939 5246 verum
961 5181 1184 5260 fatear,
1207 5199 1333 5244 uon
1359 5180 1700 5243 admodum
1726 5187 1983 5262 cogunt,
2010 5183 2183 5262 quia,

623 5283 695 5342 ut
725 5277 906 5354 infra,
943 5284 1093 5339 sect.
1128 5279 1190 5350 3,
1233 5275 1592 5348 ostendam,
1629 5273 1762 5336 fere
1793 5275 1856 5336 in
1894 5275 2186 5337 omnibus

623 5374 930 5437 similibus
957 5371 1377 5434 locutionibus
1403 5369 1598 5450 hujus
1619 5367 1899 5446 Concilii,
1919 5369 2024 5432 illa
2044 5387 2185 5450 par·

625 5471 831 5546 tieula,
851 5467 917 5530 in
940 5471 1228 5549 quaedum
1252 5465 1441 5544 honio,
1471 5481 1607 5543 seu,
1629 5465 1953 5530 secundum
1979 5463 2184 5530 litemu-

2244 811 2385 858 sum
2400 793 2794 873 suppositum
2824 793 2889 853 in
2918 795 3141 852 natura
3156 789 3437 850 humana
3458 789 3719 855 subsistens

2244 905 2384 950 esse
2404 885 2629 948 Filium
2652 883 2757 948 Dei
2780 883 3154 959 naturalem,
3172 887 3237 944 et
3252 899 3456 962 neque
3474 899 3591 945 esse
3606 885 3721 948 aliud

2247 981 2639 1062 suppositum
2694 979 2861 1042 iilius
2914 979 3211 1040 humanae
3262 983 3529 1052 natum,
3566 985 3721 1058 piata

2244 1073 2472 1136 Filium
2500 1073 2615 1136 Dei
2640 1073 2997 1136 naturalem
3019 1116 3041 1150 ,
3082 1089 3296 1150 neque
3326 1069 3725 1151 suppositumil‘·

2246 1167 2358 1230 lud
2382 1167 2641 1230 desiisse
2677 1184 2815 1228 esse
2848 1165 3071 1227 Filium
3116 1163 3232 1226 Dei
3260 1165 3607 1240 naturalem,
3632 1185 3725 1245 pro-
3771 1191 3772 1236 ς

3768 626 3770 730 Ι

2249 1268 2389 1344 pter
2412 1261 2714 1323 unionem
2740 1277 2885 1321 cum
2926 1260 3205 1320 humana
3246 1265 3487 1320 natura.
3518 1257 3725 1338 Denique
3771 1261 3772 1268 ³

2252 1355 2606 1428 intendunt,
2636 1355 2807 1416 hunc
2846 1352 3167 1416 hominem
3198 1349 3509 1416 Christum
3530 1369 3634 1413 non
3654 1351 3726 1413 de-

2256 1447 2679 1511 nominatione
2698 1453 2966 1521 tentum,
2986 1445 3101 1507 sed
3120 1461 3276 1507 vere
3302 1461 3377 1506 ac
3396 1445 3615 1524 proprie
3636 1465 3725 1506 esse

2250 1541 2476 1606 Filium
2508 1539 2617 1604 Dei
2643 1539 3031 1616 naturalem,
3064 1557 3191 1620 quo
3220 1555 3411 1601 sensu
3438 1535 3573 1599 dixit
3607 1537 3726 1600 divus

2250 1637 2525 1700 Thomas
2548 1653 2762 1718 supra,
2791 1651 2853 1714 q.
2890 1635 2989 1712 16,
3020 1651 3079 1695 a.
3112 1635 3214 1710 tl,
3241 1633 3407 1694 hanc
3430 1631 3726 1694 locutionem

2255 1747 2395 1794 esse
2426 1747 2641 1792 veram
2670 1750 2685 1792 ε
2724 1727 3041 1802 Christus,
3086 1729 3409 1793 secundum
3434 1727 3576 1809 quod
3600 1728 3726 1800 hamo,

2254 1832 2345 1891 est
2384 1827 2569 1890 Deus.
2614 1825 2691 1888 Et
2734 1823 2957 1887 eodem
3002 1821 3194 1884 modo
3237 1827 3476 1884 certum
3502 1827 3583 1881 est
3612 1820 3727 1883 Chri-

2256 1925 2445 1994 stum,
2472 1920 2541 1982 iu
2572 1925 2877 2000 quantum
2905 1915 3257 1989 bominem,
3283 1933 3423 1977 esse
3454 1913 3642 1976 Filium
3658 1915 3726 1974 Dei

2257 2031 2373 2096 per
2418 2011 2755 2075 essentiam
2805 2015 2872 2072 et
2918 2009 3302 2071 naturalem.
3353 2009 3587 2087 Propter
3622 2011 3725 2068 haur

2259 2125 2411 2198 ergo
2438 2105 2887 2188 expositionem
2930 2121 3061 2164 non
3089 2102 3361 2164 sumitur
3392 2101 3469 2163 ab
3509 2101 3592 2162 his
3614 2103 3727 2162 testi·
3775 2091 3776 2154 ἕ

2256 2201 2486 2262 moniis
2538 2203 2980 2280 argumentum
3032 2197 3291 2270 efficax3
3346 2201 3539 2277 potest
3585 2201 3723 2256 tamen

2255 2292 2417 2356 sumi
2448 2291 2798 2374 probabile,
2828 2291 2927 2352 vel
2966 2291 3114 2370 quia
3147 2291 3313 2352 alins
3342 2307 3551 2352 sensus
3572 2287 3724 2368 proha·

2254 2385 2397 2450 bilis
2426 2391 2549 2460 est,
2594 2383 2697 2448 vel
2742 2383 2891 2464 quia
2928 2385 3148 2455 multa,
3181 2383 3407 2446 saltem
3448 2381 3720 2454 obiter‚di·

2256 2485 2485 2541 cuntur
2510 2479 2577 2540 in
2614 2477 2722 2540 illo
2750 2479 3049 2553 Concilio,
3076 2478 3311 2558 quibus
3332 2477 3450 2538 hoc
3473 2477 3643 2556 ipsum
3666 2477 3723 2536 in·

2258 2573 2526 2647 dicatur,
2556 2578 2626 2637 ut
2656 2572 2719 2632 in
2760 2569 3169 2651 sequentibus
3210 2567 3547 2632 videbimus
3581 2567 3717 2629 latius.

2258 2666 2547 2732 Secundo
2586 2665 2835 2746 probari
2892 2669 3095 2746 potest
3147 2662 3505 2738 conclusio,
3549 2661 3661 2742 quia
3686 2661 3723 2719 in

2258 2759 2580 2838 Scriptura
2630 2775 2809 2820 sacra
2829 2802 2849 2834 ,
2886 2759 3039 2819 unio
3068 2755 3462 2838 hypostatica
3502 2753 3604 2816 dici
3626 2753 3722 2815 solet

2262 2852 2609 2934 generatio,
2638 2855 2701 2912 et
2732 2849 3008 2911 Christus
3038 2855 3107 2912 ut
3134 2849 3332 2912 homo
3357 2849 3566 2910 dicitur
3588 2847 3725 2924 singn-

2259 2945 2477 3008 lariter
2504 2963 2541 3006 a
2570 2945 2697 3005 Deo
2736 2944 3015 3024 genitus3
3048 2959 3201 3022 crgo
3234 2945 3309 3004 ut
3336 2943 3511 3004 homo
3534 2945 3613 3002 est
3632 2955 3723 3015 spe·

2261 3039 2403 3101 ciali
2438 3037 2680 3101 ratione
2732 3037 2837 3098 Dei
2866 3035 3082 3098 Filius.
3122 3035 3303 3098 Patet
3344 3030 3720 3113 consequentia.

2260 3131 2411 3210 quia
2439 3129 2829 3211 generationi
2864 3127 3203 3209 respondet
3250 3128 3464 3190 filiatio
3504 3128 3559 3188 in
3599 3123 3721 3186 rebus

2260 3225 2609 3287 viventibus
2656 3230 2721 3285 et
2766 3223 3072 3303 perfectis,
3110 3221 3498 3285 antecedens
3528 3225 3660 3300 patet
3676 3233 3721 3276 ex
3779 3239 3780 3242 ¹

2261 3317 2368 3381 illo
2398 3337 2413 3379 :
2450 3317 2903 3386 Generaticnem
2930 3317 3062 3398 ejus
3088 3315 3227 3398 quis
3264 3311 3590 3380 enarrabit?
3610 3307 3721 3372 isaia

2264 3415 2341 3476 53
2365 3458 2380 3482 ‚
2412 3411 2605 3492 quod,
2646 3409 2790 3471 licet
2816 3409 2952 3470 aliis
2980 3409 3185 3471 modis
3218 3407 3445 3490 exponi
3472 3404 3644 3488 possit,
3665 3407 3721 3461 ta-

2262 3523 2411 3568 men
2454 3505 2533 3567 de
2588 3501 2882 3584 mysterio
2926 3503 3378 3566 incarnationis
3420 3495 3720 3582 exponitnra

2264 3599 2474 3660 multis
2498 3597 2806 3672 Patribus,
2836 3603 2903 3657 ut
2926 3595 3107 3658 citavi
3134 3613 3353 3676 supra,
3380 3593 3522 3674 disp.
3554 3594 3601 3662 3,
3620 3591 3719 3649 seet-

2266 3696 2325 3755 1.
2354 3691 2645 3755 Similiter
2672 3691 2823 3753 facit
2846 3691 3003 3754 illud
3032 3690 3259 3752 Psalm.
3294 3696 3333 3753 2
3364 3708 3380 3750 τ
3409 3687 3653 3752 Dominus
3668 3675 3722 3780 ³⁵1

2263 3787 2361 3850 ait
2406 3785 2487 3849 ad
2507 3803 2635 3848 me:
2662 3783 2873 3850 Filius
2899 3801 3064 3848 meus
3087 3802 3150 3848 es
3179 3788 3249 3847 tu
3276 3830 3292 3859 ‚
3323 3799 3423 3864 eqo
3448 3778 3720 3860 toditem

2266 3885 2348 3944 te.
2379 3877 2556 3950 Quod
2582 3877 2724 3940 licet
2754 3877 2911 3940 alios
2948 3875 3137 3940 etiam
3176 3895 3398 3939 sensus
3432 3869 3721 3942 habeantn-

2269 3992 2417 4036 men
2442 3973 2521 4034 de
2550 3973 2671 4034 hoc
2701 3971 2998 4053 mysterio
3024 3970 3391 4052 intelligitur
3416 3969 3489 4030 ab
3512 3963 3716 4042 August,

2269 4067 2374 4129 lib.
2409 4063 2488 4128 de
2516 4065 2735 4128 Trinit.
2761 4071 2823 4126 et
2847 4065 3007 4127 unit.
3040 4065 3171 4143 Dei,
3194 4084 3251 4128 c.
3280 4060 3598 4139 tt‚etatiis‚
3616 4066 3717 4133 quos

2270 4159 2555 4238 sequenti
2582 4163 2757 4222 tomo
2784 4157 3073 4231 referam,
3096 4157 3257 4238 disp.
3284 4159 3386 4234 45,
3406 4160 3537 4218 sect.
3558 4143 3715 4244 Lilint

2264 4255 2567 4328 Clu-istus,
2604 4258 2671 4314 ut
2702 4251 2890 4312 homo
2932 4253 3199 4331 loquens
3223 4296 3240 4324 ‚
3298 4253 3478 4314 Deum
3503 4239 3713 4322 singulan

2262 4347 2452 4409 modo
2482 4345 2759 4426 appellat
2800 4345 3044 4407 Patrem
3070 4361 3256 4406 suum
3275 4390 3295 4420 ,
3327 4345 3493 4406 Joan.
3516 4327 3713 4399 20:215-

2265 4442 2437 4504 cendo
2479 4439 2563 4504 ad
2594 4437 2843 4503 Patrem
2890 4456 3107 4514 meum,
3150 4445 3210 4503 et
3249 4438 3487 4502 Patrem
3514 4432 3711 4494 resm-

2264 4531 2405 4605 Ubi,
2438 4531 2583 4593 licet
2624 4531 2704 4593 de
2734 4533 2915 4592 Patre
2941 4531 3194 4612 proprie
3220 4578 3240 4606 ,
3272 4529 3337 4592 id
3365 4534 3469 4602 est,
3497 4523 3561 4586 de
3580 4517 3711 4601 prim

2264 4643 2537 4707 persona
2564 4624 2883 4688 Trinitatis
2908 4624 3235 4705 loquatur,
3278 4631 3349 4686 nt
3388 4623 3569 4703 aperte
3592 4625 3713 4688 expo·

2264 4719 2357 4782 nit
2385 4719 2717 4794 AdrianuS,
2766 4719 2931 4780 dicta
2978 4719 3201 4800 epist.;
3252 4725 3316 4782 et
3356 4709 3598 4796 Cyrinus,
3620 4715 3709 4764 cum

2264 4811 2537 4874 Concilio
2564 4811 2868 4873 Alexand.
2878 4855 2897 4887 ,
2930 4829 3031 4891 ep.
3068 4811 3165 4889 103
3192 4817 3253 4873 et
3279 4802 3621 4874 Athanasius
3640 4789 3709 4854 1¹⁴⁰·

2267 4903 2348 4966 de
2392 4907 2636 4968 Incarn.
2686 4903 2942 4982 Christi3
2978 4911 3040 4968 et
3072 4895 3580 4976 Damascen.,1ib.
3610 4881 3709 4949 lde

2266 4997 2427 5076 Fid„
2456 5019 2509 5061 c.
2558 4999 2635 5072 8;
2676 4997 3081 5060 nihilominus
3110 5005 3172 5060 et
3196 4997 3461 5060 Christus
3490 4991 3632 5050 homo
3652 4981 3711 5038 esi

2265 5091 2372 5173 qui
2401 5091 2699 5170 loquitur,
2744 5097 2807 5154 et
2850 5096 2923 5153 ut
2970 5091 3163 5153 homo
3212 5088 3377 5171 loqui
3416 5084 3639 5148 videtur,
3666 5072 3709 5175 ¹2²

2265 5183 2529 5246 verbum
2551 5231 2572 5260 ,
2622 5186 2897 5260 ascendo,
2928 5189 2994 5244 et
3034 5183 3382 5256 relativum,
3410 5193 3589 5245 meum,
3612 5169 3709 5226 ἕως

2265 5277 2544 5341 indicare
2589 5277 2904 5340 videntur.
2955 5279 3239 5358 Denique
3270 5277 3409 5338 facit
3443 5263 3577 5351 quod
3596 5269 3705 5364 ΞξΡθ

2270 5371 2480 5434 Patres
2507 5369 2753 5434 dicunt:
2776 5369 3081 5435 Christum
3104 5377 3175 5434 ut
3202 5369 3406 5446 Deum,
3426 5371 3529 5429 esst
3559 5355 3707 5458 Um&

2266 5464 2462 5529 nitum
2487 5463 2623 5540 Dei,
2644 5471 2713 5530 ut
2738 5463 3029 5528 hominem
3052 5477 3188 5541 cero
3207 5479 3331 5528 esse
3344 5447 3703 5546 primoqenttm
