3892 6167
569 350 690 415 {⁷80

565 457 668 519 hic
695 450 926 517 adduci
955 454 1214 531 possent
1238 451 1450 515 omnia
1475 449 1838 515 testimonia
1863 450 2141 530 Scriptu-

565 566 653 611 τω
677 552 741 610 et
759 546 1160 621 Sanctorum,
1191 544 1422 623 quibus
1448 545 1584 609 haec
1605 544 1886 607 activitas
1910 544 2141 606 instru-

1791 348 2029 413 QUAEST.
2062 348 2192 405 xm.
2229 350 2431 407 sanc.
2462 351 2549 405 Ν.

2218 450 2445 513 virtute
2477 447 2789 515 efficiente
2816 448 3507 517 transubstantiationem
3526 464 3575 521 et
3599 463 3679 525 mi.

2217 545 2569 610 raculosam
2592 545 2815 609 Christi
2842 544 3681 625 conceptionem.1signiticatad

563 646 926 705 mentorum
977 638 1096 701 Dei
1147 636 1506 701 confirmari
1551 638 1730 714 solet,
1785 656 1864 701 ex
1909 637 2139 717 quibus
2218 644 2552 718 utramque
2580 638 2775 701 fuisse
2814 638 2881 701 in
2928 644 3219 701 creatura
3245 641 3553 717 potentiam
3573 646 3681 709 obe-

561 734 746 815 plura
781 732 850 795 in
891 730 1395 811 praecedentibus
1441 731 1820 795 sectionibus
1863 730 2137 795 adducta
2219 732 2489 809 dientiae‚
2524 740 2587 797 et
2614 732 2899 812 quamvis
2916 731 3207 795 videatur
3230 732 3395 813 loqui
3420 732 3491 797 de
3520 746 3681 817 poten.

565 833 712 891 sunt
733 872 756 905 ,
795 832 860 889 et
888 825 1068 905 plura
1099 825 1290 887 etiam
1317 826 1574 889 afferam
1603 825 1670 887 in
1693 828 1730 887 3
1759 830 1942 899 tom„
1972 830 2135 888 trac·

562 920 756 983 tando
785 920 866 983 de
896 919 1212 983 activitate
1233 924 1771 983 sacramentorum
1787 931 1810 995 ;
1846 924 1908 981 et
1933 917 2131 981 videri

563 1014 754 1077 etiam
785 1018 1050 1093 possunt
1079 1014 1369 1091 August„
1405 1013 1474 1075 in
1504 1010 1665 1075 Psal.
1701 1012 1841 1087 130,
1883 1010 2037 1073 etin
2068 1010 2132 1073 id

563 1106 790 1170 Psalm.
826 1108 988 1171 138:
1031 1104 1361 1172 Min-altilia
1403 1122 1584 1189 opera
1629 1110 1776 1181 tua.
1827 1111 1882 1169 et
1923 1104 2133 1171 anima

560 1218 694 1265 mea
731 1205 1034 1279 coquom:
1076 1200 1265 1265 nimis
1295 1223 1324 1271 ,·
1363 1199 1682 1279 chrysost.
1712 1240 1729 1273 ,
1785 1198 1959 1261 hom.
1994 1199 2021 1259 1
2062 1196 2129 1257 in

559 1292 762 1372 Acta3
820 1293 1106 1355 Ambros.
1141 1336 1158 1367 ‚
1212 1310 1399 1355 serm.
1449 1296 1522 1355 91
1571 1309 1588 1365 ;
1638 1296 1702 1354 et
1761 1290 1997 1371 optime
2052 1288 2125 1351 D.

561 1387 813 1465 Thom.,
849 1393 1071 1465 quaest.
1099 1388 1164 1461 6,
1203 1385 1284 1449 de
1313 1384 1618 1459 Potentia,
1653 1390 1774 1447 art.
1803 1386 1866 1447 4.
1911 1383 1991 1445 Et
2016 1399 2131 1463 po·

559 1485 678 1543 test
725 1481 848 1543 hoc
901 1479 1266 1543 confirmari
1293 1524 1312 1554 ‚
1364 1478 1514 1557 quia
1573 1478 1784 1545 Sancti
1843 1494 2131 1556 saepenu-

557 1592 736 1639 mero
764 1574 1074 1637 mirantur
1095 1572 1270 1654 quod
1297 1573 1461 1635 Deus
1489 1570 1806 1635 interdum
1834 1576 2131 1651 operetur

559 1668 800 1747 aliquos
847 1667 1108 1731 effectus
1129 1712 1150 1744 ,
1201 1664 1558 1729 adhibendo
1605 1684 1710 1731 res
1750 1664 1850 1730 vel
1895 1662 2131 1728 nullius

557 1762 804 1825 virtutis
824 1808 841 1836 ,
873 1761 976 1823 vel
1005 1762 1194 1823 etiam
1223 1765 1690 1840 repugnantes,
1720 1764 1826 1833 ut,
1855 1758 2029 1838 quod
2054 1756 2129 1819 il-

557 1856 827 1918 luminet
871 1872 1126 1931 caecum,
1171 1854 1304 1917 luto
1351 1854 1652 1933 ungendo
1697 1853 1914 1917 oculos
1962 1851 2124 1933 ejuS,

561 1968 704 2031 qum
740 1947 1072 2015 admiratio
1119 1949 1292 2011 nulla
1329 1952 1496 2011 certe
1527 1953 1728 2021 esset,
1761 1948 1882 2011 nisi
1911 1948 2131 2025 hujus·

560 2042 730 2105 modi
755 2061 862 2105 res
889 2041 1126 2121 aliquid
1153 2040 1512 2108 conferrent
1537 2040 1620 2103 ad
1645 2041 1806 2105 tales
1833 2040 2119 2113 effectum

559 2136 892 2199 admiratio
933 2154 1086 2215 ergo
1127 2141 1224 2198 est
1251 2134 1422 2215 quod
1447 2134 1516 2196 in
1544 2133 1906 2213 hujusmodi
1935 2132 2127 2197 rebus

559 2230 640 2292 sit
665 2229 760 2293 vis
785 2230 869 2291 ad
896 2228 1326 2291 obediendum
1351 2229 1484 2291 Deo
1502 2272 1524 2304 ,
1571 2227 1906 2291 efficiendo
1933 2226 2127 2289 etiam

557 2325 910 2406 oppositum
933 2323 1096 2403 ejus,
1123 2322 1296 2404 quod
1316 2340 1534 2387 earum
1557 2328 1786 2385 natura
1805 2321 2125 2402 postulare

554 2417 917 2491 videbatui-3
949 2417 1078 2481 imo
1105 2418 1174 2479 in
1199 2418 1593 2481 naturalibus
1626 2416 1987 2481 existimant
2012 2414 2125 2479 ali·

555 2508 665 2591 qui
703 2510 1024 2573 interdum
1067 2510 1188 2573 hoc
1223 2510 1535 2587 accidere,
1570 2516 1643 2573 ut
1673 2509 1928 2588 quando
1958 2525 2127 2586 aqua

553 2611 842 2669 movetur
857 2624 1105 2667 sursum
1135 2603 1218 2666 ad
1240 2604 1616 2685 replendum
1641 2620 1934 2676 vacuum,
1954 2600 2125 2681 quod

554 2704 779 2779 putant
799 2698 940 2761 fieri
959 2698 1160 2761 activa
1183 2698 1246 2761 vi
1272 2696 1678 2761 obedientiali
1697 2696 2019 2777 gravitatis
2038 2692 2125 2756 ad

555 2792 892 2873 imperium
921 2791 1068 2868 Dei,
1112 2790 1484 2855 universalis
1521 2796 1762 2874 naturai
1807 2789 2123 2870 guberna·

555 2885 730 2949 toris.

637 2980 741 3045 58.
789 2978 986 3045 Sec-ta
1006 2980 1288 3062 probatio
1307 2980 1380 3045 ab
1405 2979 1876 3047 auctoritates·
1901 2980 2113 3057 Sexto,

562 3090 906 3155 possumus
946 3074 1113 3139 hauc
1165 3074 1543 3137 sententiam
1573 3074 1940 3137 auctoritate
1968 3090 2119 3137 eou-

558 3170 836 3243 firmare,
863 3175 930 3233 et
951 3168 1253 3249 imprimis
1281 3168 1476 3232 affero
1503 3168 1949 3248 Augustinum,
1976 3168 2019 3231 9
2038 3167 2121 3231 de

560 3262 805 3339 Trinit„
835 3282 976 3343 cap.
1003 3266 1104 3339 Π,
1134 3262 1266 3337 ubi,
1289 3280 1436 3323 cum
1475 3262 1734 3325 dixisset
1770 3261 1997 3323 esseio
2024 3278 2123 3323 re-

560 3354 682 3419 bus
709 3356 1102 3419 naturalibus
1123 3356 1386 3417 virtutes
1411 3354 1646 3435 agendi
1662 3356 1844 3435 juxta
1867 3359 2126 3417 natura·-

561 3448 659 3515 les
679 3450 876 3531 leges,
907 3450 1161 3513 subdit:
1195 3448 1400 3529 Super
1451 3450 1608 3513 Imm
1651 3453 1852 3513 aetem
1893 3451 2125 3511 wiotum

567 3562 920 3626 cursumque
963 3562 1166 3609 rorum
1212 3544 1620 3620 naturalium,
1641 3547 1909 3623 potestas
1939 3540 2125 3607 Crea-

569 3638 724 3701 tor-ie
755 3638 928 3703 babet
955 3640 1121 3719 apud
1135 3655 1198 3703 κ
1220 3654 1396 3717 posco
1413 3638 1483 3701 do
1511 3637 1610 3701 las
1633 3636 1904 3699 omnibus
1925 3639 2125 3715 facem

567 3730 742 3795 aliud
765 3748 944 3811 quam
965 3748 1166 3797 eorum
1183 3730 1360 3811 quasi
1378 3728 1695 3793 seminales
1712 3728 1983 3795 rationes
2006 3728 2125 3791 Ita-

563 3824 736 3898 lam,-
766 3828 828 3887 et
855 3824 1142 3905 quamvis
1169 3823 1236 3885 in
1259 3822 1358 3885 his
1372 3822 1582 3885 verbis
1607 3821 1858 3885 videtur
1875 3825 2123 3883 tantum

563 3916 736 3997 loqui
777 3916 860 3981 de
913 3918 1194 3999 potentia
1225 3916 1494 3997 passiva,
1523 3920 1740 3979 tamen
1768 3930 1951 3977 mens
1995 3916 2123 3977 Au·

565 4012 797 4092 gustini
825 4018 1042 4091 aperte
1071 4016 1166 4073 est
1183 4008 1614 4073 indifferenter
1641 4008 1812 4088 loqui
1834 4007 1916 4071 de
1933 4007 1993 4069 vi
2022 4025 2125 4071 ac-

564 4103 694 4167 tiva
719 4110 780 4166 et
807 4105 1079 4185 passiva,
1103 4104 1182 4167 de
1231 4120 1358 4181 qua
1403 4102 1594 4183 paulo
1628 4102 1920 4183 superius
1947 4101 2127 4164 dixe-

565 4203 664 4259 rat
694 4214 710 4258 :
739 4198 1062 4263 Elementa
1105 4197 1292 4277 hujus
1336 4196 1554 4259 mundi
1599 4198 1870 4279 corporei
1911 4196 2127 4261 habent

567 4290 888 4369 definitam
943 4292 1068 4355 vim
1079 4333 1102 4368 ,
1177 4288 1646 4372 qualitatemque
1707 4304 1882 4355 mm
1906 4334 1923 4364 ,
1980 4288 2128 4371 quid

566 4385 1021 4467 unumquodque
1060 4384 1261 4449 caleat
1305 4383 1398 4449 vel
1443 4400 1566 4447 non
1611 4384 1832 4460 valeat,
1875 4384 2024 4465 quid
2057 4382 2125 4447 de

567 4494 681 4561 qua
701 4475 842 4557 fieri
867 4478 1056 4559 possit
1077 4477 1170 4543 vol
1191 4494 1312 4541 non
1331 4477 1564 4557 poesi&
1583 4477 1890 4583 inquibus
1913 4476 2125 4542 verbis

567 4572 648 4635 de
713 4576 980 4651 utraque
1026 4570 1308 4651 potentia
1357 4569 1669 4649 loquitur3
1721 4574 1785 4632 et
1837 4570 2003 4631 mira
2044 4566 2127 4633 de

567 4671 834 4745 utraque
863 4664 1040 4743 ponit
1081 4663 1397 4743 exempla,
1422 4669 1514 4737 ut,
1539 4664 1699 4747 quod
1719 4663 1959 4745 liquam
1996 4664 2127 4727 art·

567 4757 710 4821 dum
733 4762 972 4839 repento
998 4758 1244 4836 floreat,
1263 4761 1321 4821 st
1343 4760 1618 4833 frustm
1633 4758 1874 4841 qiynat,
1899 4761 1975 4819 ut
2000 4756 2125 4819 asi-

564 4866 652 4913 na
677 4850 980 4931 loquatur,
1015 4857 1135 4913 etc.
1176 4850 1369 4913 Docet
1393 4868 1546 4931 ergo
1571 4856 1790 4930 aperte
1837 4849 1944 4913 illo
1982 4850 2123 4913 loco

563 4943 952 5023 Augustinus
971 4960 1158 5025 posse
1204 4944 1402 5007 Deum
1430 4944 1674 5025 [facere.
1710 4951 1780 5008 ut
1831 4950 2123 5007 creatura

563 5033 804 5115 aliquid
832 5037 994 5100 ultra
1019 5038 1310 5101 virtutem
1331 5036 1682 5102 naturalem
1709 5044 2015 5117 operetur
2040 5054 2121 5101 ex

563 5130 828 5211 imperio
845 5135 912 5193 et
937 5130 1256 5195 voluntate
1277 5131 1416 5208 Dei,
1447 5138 1636 5211 atque
1661 5130 1820 5197 adeo
1845 5150 1961 5212 per
2008 5148 2121 5211 po·

559 5224 824 5289 tentiam
853 5224 1122 5288 activam
1151 5222 1664 5300 obedientialem,
1688 5229 1758 5285 ut
1809 5240 1980 5305 soepe
2010 5224 2121 5287 de·

559 5314 820 5381 ductum
847 5324 964 5381 est.
1001 5320 1234 5383 Praeter
1261 5318 1484 5383 citatos
1513 5318 1706 5381 etiam
1727 5324 2021 5383 auctores
2050 5319 2117 5382 in

554 5412 830 5477 sectione
849 5412 1250 5493 praecedenti,
1266 5412 1476 5481 afferri
1501 5417 1709 5495 Potest
1735 5412 2081 5479 Bonavent.
2096 5457 2111 5485 ‚

2216 826 2301 888 tia
2348 844 2428 889 ex
2473 832 2653 906 parte
2698 824 2979 890 materiai
3031 825 3197 891 circa
3240 844 3421 905 quam
3466 840 3681 899 versatur

2214 924 2481 999 utraque
2510 919 2697 995 actio,
2728 924 2943 981 tamen
2970 936 3191 981 revera
3218 920 3510 1000 praecipue
3534 923 3683 1005 loqui·

2214 1018 2315 1075 tur
2340 1012 2422 1077 de
2448 1013 2677 1077 virtute
2702 1014 2927 1090 activa,
2954 1030 3145 1092 quam
3168 1014 3439 1079 concedit
3472 1034 3683 1084 eommu-

2184 1106 2409 1171 .nicari
2434 1114 2735 1173 creatura
2760 1108 2843 1171 ad
2872 1114 3207 1188 utramque
3228 1108 3536 1174 actionem.
3554 1112 3683 1177 Eam·

2211 1198 2357 1263 dem
2408 1202 2787 1267 sententiam
2830 1196 3187 1283 significare
3212 1201 3447 1266 videtur
3468 1203 3679 1282 cajetan.
3784 1241 3789 1269 ι

2208 1292 2337 1369 hic,
2352 1301 2471 1359 art.
2498 1300 2561 1371 2,
2580 1296 2687 1359 ubi
2716 1296 2807 1359 ait
2826 1297 3027 1359 Deum
3054 1296 3299 1359 efficere
3324 1295 3586 1362 miracula
3606 1318 3685 1379 per

2210 1395 2589 1463 creaturam,
2622 1408 2751 1453 non
2796 1390 3007 1453 dando
3058 1389 3144 1453 ini
3194 1390 3473 1455 virtutem
3512 1394 3685 1471 gratui-

2207 1487 2363 1557 tam,
2402 1484 2518 1547 sed
2550 1484 2787 1547 utendo
2838 1484 2943 1547 illa
2994 1482 3565 1547 instrumentaliter:
3602 1485 3685 1559 Qui

2207 1594 2357 1641 um
2384 1577 2631 1657 (inquit)
2658 1583 2749 1641 oet
2776 1578 2878 1641 vis
2932 1577 3247 1643 actuativa
3298 1577 3481 1658 ipsiu
3512 1580 3569 1641 in
3602 1596 3685 1643 use

2207 1670 2619 1745 instrumenti,
2650 1689 2723 1736 ac
2740 1688 2851 1753 por
2876 1671 2982 1737 hoo
2996 1670 3065 1735 in
3104 1687 3229 1735 em
3266 1687 3453 1737 cauea
3470 1670 3687 1751 effective

2207 1762 2754 1827 instrumentaliter
2798 1765 2999 1847 operis
3029 1762 3417 1839 ntiraculoei3
3440 1764 3687 1830 reducitur

2208 1856 2367 1921 enim
2382 1873 2483 1922 ree
2508 1856 2625 1921 illa
2642 1858 2713 1921 cle
2738 1858 3011 1937 potentia
3028 1854 3405 1923 obedientiali
3424 1856 3497 1923 cd
3514 1860 3685 1931 actum,
3785 1884 3791 1925 ς

2210 1967 2345 2015 oum
2402 1950 2473 2013 ds
2522 1968 2643 2015 non
2686 1951 3091 2015 instrumento
3138 1950 3217 2027 fit
3272 1948 3683 2021 instrumentum.
3785 1980 3791 2017 J

2208 2045 2367 2124 quod
2382 2044 2521 2123 fieri
2548 2049 2781 2109 contat
2807 2061 2883 2108 σω
2912 2044 3021 2109 hoc
3041 2044 3173 2109 eolo
3191 2044 3351 2125 quod
3364 2044 3514 2109 Dm
3542 2044 3687 2109 utitur
3786 2106 3790 2111 ,

2206 2137 2321 2201 illa
2370 2138 2919 2203 instrumentaliter
2962 2138 3047 2201 ad
3090 2154 3243 2216 opus
3289 2134 3659 2203 miraculosum
3668 2162 3687 2207 ,-

2204 2230 2340 2295 haeo
2366 2230 2537 2294 enim
2559 2230 2753 2297 verba
2782 2249 2911 2295 non
2940 2235 3209 2311 possunt
3240 2227 3689 2294 commodeintel·
3790 2262 3793 2301 ξ

2204 2324 2313 2404 ligi
2362 2324 2441 2386 de
2490 2325 2771 2405 potentia
2830 2325 3079 2405 passiva
3134 2322 3543 2398 obedientiali,
3586 2339 3687 2386 cum
3789 2368 3792 2393 ,

2204 2417 2340 2499 ipse
2368 2418 2639 2481 fateatur
2680 2418 2923 2481 nullam
2955 2418 3262 2481 virtutem
3314 2421 3687 2497 supernatura-

2203 2512 2330 2575 lem
2361 2512 2504 2573 addi
2536 2518 2836 2575 creaturae
2850 2510 3341 2593 perhujusmodi
3368 2526 3687 2589 usum3ergo
3790 2510 3792 2537 ³

2204 2604 2379 2669 nulla
2404 2605 2683 2685 potentia
2731 2608 2981 2687 passiva
3010 2612 3317 2669 creaturae
3348 2603 3627 2667 reducitur
3644 2602 3687 2661 in
3792 2678 3794 2689 γ

2204 2710 2413 2763 actum
2440 2718 2557 2780 per
2582 2699 2774 2763 talem
2822 2719 3049 2776 usum;
3090 2718 3245 2781 ergo
3272 2699 3339 2762 id
3377 2714 3513 2763 vere
3539 2695 3686 2759 solum

2204 2794 2327 2859 dici
2352 2794 2557 2875 potuit
2584 2794 2663 2857 de
2691 2796 2973 2875 potentia
2994 2795 3222 2859 activa.

2264 2946 2608 3013 Solvuntur
2649 2952 3007 3031 aryumenta
3035 2947 3104 3011 in
3126 2944 3433 3029 principio
3452 2942 3639 3027 posita.

2280 3075 2381 3137 59.
2426 3075 2729 3154 Superest
2745 3072 3247 3155 respondeamus
3270 3068 3619 3152 argumentis
3645 3066 3687 3127 in

2201 3168 2505 3248 principio
2536 3168 2776 3248 positis.
2828 3168 2923 3229 Ad
2968 3168 3251 3248 primum
3284 3166 3413 3245 jam
3448 3163 3565 3225 fere
3598 3176 3691 3219 res·
3794 3204 3796 3241 :

2204 3278 2477 3341 pensum
2506 3262 2687 3323 estin
2716 3260 3179 3340 superioribus;
3214 3258 3439 3323 falsum
3476 3254 3617 3319 enim
3650 3250 3693 3309 ia
3779 3314 3787 3340 ἓ

2207 3372 2282 3417 eo
2312 3356 2675 3429 assumitur,
2696 3354 2850 3417 dum
2878 3353 3105 3415 dicitur
3139 3370 3397 3415 omnem
3419 3345 3693 3429 potentiam
3794 3392 3796 3395 Α

2206 3447 2693 3513 obedientialem
2748 3464 2887 3511 esse
2926 3462 3169 3509 meram
3224 3462 3351 3508 nou
3408 3452 3695 3521 repugnan·
3775 3500 3777 3507 .

2205 3542 2383 3617 tiam,
2404 3560 2595 3621 quam
2626 3540 3005 3605 sententiam
3058 3540 3259 3605 refert
3294 3533 3621 3617 Capreolus,
3642 3543 3697 3589 ex

2206 3636 2497 3711 Aureolo,
2528 3636 2593 3697 in
2612 3638 2679 3710 4,
2710 3634 2773 3697 d.
2803 3636 2909 3709 42,
2934 3650 2999 3711 q.
3036 3636 3093 3707 1,
3126 3638 3249 3697 art.
3272 3635 3313 3698 2
3340 3636 3403 3693 et
3424 3629 3483 3703 3,
3504 3626 3559 3686 in
3576 3620 3698 3703 prin·

2206 3728 2389 3809 cipio,
2420 3744 2691 3808 eamque
2718 3727 3072 3807 impugnat,
3106 3725 3217 3787 ubi
3256 3736 3537 3805 expresse
3560 3715 3699 3777 docet

2202 3820 2545 3901 potentiam
2604 3820 3090 3885 obedientialium
3136 3816 3391 3898 proprie
3442 3809 3699 3895 passivam

2207 3932 2322 3977 seu
2358 3914 2764 3993 receptivam,
2806 3930 2947 3977 esse
2998 3912 3351 3991 potentiam
3392 3906 3633 3973 realem3
3658 3898 3701 3957 ⁰²

2206 4008 2289 4069 ad
2342 4007 2633 4087 quintum
2678 4005 2851 4082 dicit,
2877 4004 3225 4069 secundum
3272 4020 3405 4065 rem
3450 4016 3567 4063 non
3598 4006 3701 4055 esse

2206 4101 2379 4165 aliud
2430 4100 2513 4165 ab
2558 4100 2831 4163 essentia
2876 4099 3174 4178 subjecti,
3234 4097 3348 4159 sed
3398 4101 3593 4157 tamen
3632 4101 3700 4145 se·

2207 4194 2485 4259 cundum
2512 4194 2822 4259 rationem
2874 4192 3113 4257 addere
3148 4196 3499 4272 respectum
3528 4182 3597 4245 ad
3626 4194 3701 4261 po·
3793 4180 3796 4199 ¹

2206 4289 2472 4352 tentiam
2494 4289 2631 4363 Dei,
2654 4294 2719 4351 et
2746 4288 2813 4349 in
2842 4288 3011 4351 hunc
3036 4286 3297 4353 modum
3320 4273 3703 4361 intelligendus

2206 4388 2303 4445 est
2336 4382 2503 4445 idem
2526 4382 2890 4462 Capreolus,
2918 4381 2987 4443 in
3016 4379 3297 4460 Prolog.,
3326 4394 3388 4458 q.
3422 4380 3481 4451 1,
3514 4362 3703 4433 contii
3794 4398 3796 4443 5

2206 4481 2437 4552 conci„
2472 4474 2580 4539 ubi
2606 4475 2811 4556 inquit
2862 4474 3029 4539 hanc
3074 4471 3423 4552 potentiam
3460 4460 3703 4527 obedien·
3794 4546 3796 4553 2

2206 4568 2421 4632 tialem
2468 4586 2597 4631 non
2642 4586 2781 4630 esse
2828 4567 2951 4629 nisi
2978 4564 3321 4647 quamdam
3350 4557 3701 4648 relationemg

2207 4661 2683 4741 intelligendum
2734 4661 2903 4723 enim
2938 4664 3037 4723 est
3070 4664 3297 4739 praeter
3316 4654 3615 4718 entitatem
3636 4657 3705 4703 τοι

2206 4775 2335 4819 non
2383 4756 2617 4819 addere
2650 4756 2787 4817 'nisi
2827 4756 3225 4817 relationem.
3278 4748 3451 4813 Unde
3518 4738 3705 4803 ibidem

2206 4849 2370 4917 hanc
2399 4850 2743 4931 potentiam
2779 4849 3094 4916 interdum
3150 4850 3331 4909 vocat
3383 4832 3703 4932 naturalefn-

2206 4945 2355 5024 quia
2388 4951 2483 5007 est
2510 4942 2845 5022 congenita
2868 4960 3013 5005 cum
3043 4946 3291 5013 natura,
3324 4936 3499 5017 eique
3528 4930 3704 4991 intriu-

2206 5053 2349 5103 seee
2370 5059 2389 5113 ς
2413 5036 2665 5116 proprie
2703 5043 2917 5099 tamen
2940 5035 3029 5099 ait
3053 5050 3183 5100 non
3214 5049 3355 5101 esse
3378 5016 3705 5113 naturales»

2206 5130 2321 5195 sed
2366 5128 2882 5201 obedientiaiem;
2916 5126 3069 5207 quia
3112 5124 3417 5192 naturalis
3474 5112 3707 5197 potentia

2204 5230 2299 5287 est
2314 5223 2561 5303 (inquit)
2578 5221 2867 5302 quaedam
2888 5219 3204 5284 inchoatio
3228 5224 3429 5291 actus,
3456 5219 3515 5273 et
3536 5198 3705 5285 potest

2200 5318 2417 5381 reduci
2445 5317 2514 5379 iu.
2534 5323 2743 5379 actum
2768 5334 2882 5397 per
2908 5332 3108 5396 agens
3146 5310 3447 5377 naturale.

2278 5412 2380 5477 60.
2427 5410 2523 5475 Ad
2564 5415 3007 5491 argumentum
3060 5424 3213 5490 ergo
3258 5405 3319 5469 in
3372 5402 3557 5469 forma
3602 5402 3703 5449 res-

554 5505 620 5566 in
647 5508 712 5583 ι,
739 5502 802 5567 d.
839 5504 939 5583 10,
973 5510 1090 5569 art.
1125 5508 1186 5585 3,
1216 5520 1280 5585 q.
1312 5508 1374 5583 ¹,
1419 5505 1504 5570 ad
1537 5508 1601 5583 Ω,
1633 5506 1764 5581 ubi,
1807 5515 2007 5587 agam
2030 5506 2115 5569 de
2196 5507 2531 5586 pendetur,
2557 5502 2903 5585 potentiam
2930 5498 3408 5565 obedientialem
3434 5483 3703 5575 paesium
