3892 6167
592 377 1100 556 {Sudamenturm
1130 475 1304 558 quod
1329 477 1463 542 haec
1493 473 1803 542 sententia
1843 473 2163 558 supponit,

599 579 810 642 minus
847 572 1173 658 probabile
1212 577 1329 636 est.

678 675 742 736 2.
788 667 1122 734 Secundus
1153 683 1306 748 ergo
1352 666 1580 731 modus
1612 664 1859 730 dicendi
1909 671 2032 745 est,
2068 667 2166 730 lu·
2246 661 2437 725 etiam
2482 660 2811 723 inferiores
2854 665 2917 723 et
2952 659 3282 722 naturales
3302 703 3319 736 ,
3362 661 3501 742 quia
3522 663 3726 728 intellec·

595 785 750 834 men
775 764 968 844 hujus
997 761 1269 826 scientias
1299 779 1436 824 esse
1473 761 1540 824 in
1571 779 1638 824 se
1663 779 1864 824 unum
1883 810 1902 834 ,
1937 765 2001 824 et
2026 779 2162 824 om-

597 859 750 922 nino
781 857 1147 922 distinctum
1165 855 1458 920 alumine
1485 854 1717 938 gloriae,
1744 861 1808 918 et
1833 855 2006 918 hunc
2030 875 2162 920 mo-

597 954 753 1018 dum
805 951 1100 1016 videntur
1149 968 1508 1032 supponere
1561 969 1779 1014 omnes
1829 950 2156 1032 Theologi,

597 1047 997 1129 distinguunt
1015 1045 1184 1108 enim
1211 1043 1498 1108 absolute
1519 1049 1582 1108 et
1605 1043 1969 1126 simpliciter
1994 1045 2159 1110 hanc

595 1142 924 1208 scientiam
957 1159 996 1204 a
1021 1139 1232 1215 beata,
1259 1141 1429 1204 unde
1455 1140 1749 1204 videntur
1774 1142 1912 1203 illas
1941 1141 2161 1205 distin-

595 1255 815 1318 guere,
837 1253 967 1298 non
999 1240 1241 1298 tantum
1267 1235 1332 1298 in
1363 1235 1716 1316 speciebus,
1736 1236 1845 1298 sed
1877 1237 2067 1300 etiam
2092 1237 2158 1298 in

593 1333 964 1396 luminibus.
1000 1333 1074 1394 Et
1116 1330 1276 1394 ratio
1307 1349 1448 1396 esse
1473 1335 1716 1411 potest,
1747 1331 1895 1410 quia
1939 1331 2159 1396 lumen

595 1428 810 1510 gloriae
829 1426 1082 1506 respicit
1101 1427 1436 1489 essentiam
1457 1425 1732 1489 divinam
1752 1431 1821 1489 ut
1841 1423 2159 1506 objectum

595 1522 998 1602 adaequatum
1043 1539 1228 1584 suum
1243 1567 1266 1599 ,
1315 1521 1404 1585 ita
1449 1527 1519 1584 ut
1564 1539 1694 1584 non
1749 1519 1947 1601 possit
1994 1521 2159 1584 circa

595 1621 916 1680 creaturas
945 1615 1207 1690 versari,
1238 1616 1359 1678 nisi
1385 1621 1572 1697 prout
1601 1615 1662 1676 in
1682 1614 1828 1690 Deo,
1851 1620 1914 1676 et
1933 1633 2049 1696 per
2069 1616 2159 1678 di·

594 1711 809 1772 vinam
828 1711 1166 1772 essentiam
1185 1709 1692 1782 manifestantur3
1714 1708 1817 1771 hic
1839 1709 2005 1770 enim
2026 1727 2157 1772 mo-

595 1805 718 1868 dus
747 1805 1171 1886 cognoscendi
1198 1810 1518 1868 creaturas
1543 1809 1640 1866 est
1665 1803 1852 1884 longe
1882 1803 2067 1866 altior
2094 1810 2158 1867 et

595 1899 999 1962 excellentior
1027 1917 1220 1980 quam
1243 1899 1323 1962 sit
1349 1896 1624 1980 cognitio
1645 1903 2071 1961 creaturarum
2090 1899 2156 1960 in

595 2010 666 2058 se
703 1993 876 2074 ipsis.
919 1991 1180 2075 Propter
1215 1993 1388 2074 quod
1427 1992 1814 2073 Augustinus
1853 1992 2025 2054 illam
2050 2011 2157 2054 co·-

593 2086 967 2168 guitionem,
1001 2088 1366 2154 matutinam
1380 2132 1403 2165 ,
1443 2086 1609 2150 hanc
1643 2103 1795 2148 vero
1809 2131 1832 2162 ,
1867 2085 2155 2165 vesperti-

591 2198 763 2258 nam,
797 2181 1080 2257 vocavit;
1113 2199 1266 2262 ergo
1295 2181 1568 2256 lumina,
1598 2198 1738 2260 quae
1764 2185 1908 2242 sunt
1929 2179 2155 2260 princi-

590 2273 696 2353 pia
737 2273 960 2338 talium
1003 2275 1434 2356 cognitionum
1458 2320 1474 2351 ,
1521 2279 1666 2336 sunt
1712 2271 2027 2336 distincta.
2078 2273 2154 2340 Et

592 2367 1000 2431 confirmatur
1014 2413 1036 2446 ,
1066 2367 1216 2447 quia
1247 2367 1462 2432 lumen
1507 2366 1719 2448 glorias
1747 2370 2026 2428 creatum
2056 2373 2152 2430 est

590 2461 892 2526 altissima
922 2463 1314 2543 participatio
1343 2461 1601 2525 luminis
1647 2461 1940 2537 increati,
1968 2465 2033 2524 et
2068 2460 2153 2524 ad

589 2555 887 2620 eumdem
939 2555 1226 2619 ordinem
1285 2554 1754 2635 quodammodo
1810 2561 2103 2635 spectans
2126 2570 2149 2634 3

587 2650 872 2712 imitatur
901 2667 1052 2728 ergo
1095 2647 1356 2712 modum
1383 2647 1758 2728 cognitionis
1783 2648 1958 2728 ejus;
1992 2649 2152 2710 sicut

589 2761 742 2824 ergo
763 2744 928 2805 Deus
959 2749 1052 2805 est
1081 2743 1260 2823 quasi
1287 2741 1689 2820 adaequatum
1715 2742 2031 2821 objectum
2052 2742 2151 2804 sui

589 2834 844 2898 luminis
868 2836 1174 2914 increati,
1211 2840 1275 2899 et
1305 2835 1461 2898 nihil
1487 2853 1603 2916 per
1638 2835 1795 2898 illud
1819 2835 1994 2898 videt
2030 2833 2154 2900 nisi

591 2928 655 2990 in
685 2947 774 3004 se,
801 2933 863 2992 et
889 2947 1004 3010 per
1029 2947 1096 2994 se
1125 2929 1355 3011 ipsum,
1377 2930 1464 2992 ita
1491 2946 1606 2991 suo
1634 2929 1824 2991 modo
1855 2947 1924 2990 se
1956 2929 2151 2993 habet

587 3023 807 3086 lumen
833 3023 1049 3102 gloriis
1073 3028 1375 3098 creatum,
1394 3028 1582 3102 atque
1610 3021 1770 3086 adeo
1792 3024 2009 3085 lumen
2029 3023 2151 3086 hu·

583 3117 690 3197 jus
721 3117 998 3180 scientias
1023 3114 1336 3182 inferioris
1362 3115 1622 3182 rationis
1650 3122 1743 3181 est
1756 3163 1778 3196 ,
1807 3117 1887 3180 ab
1915 3116 2149 3198 illoque

587 3210 973 3274 distinctum.

670 3307 730 3367 3.
775 3303 1151 3387 Differ-entia
1189 3305 1351 3372 inter
1381 3307 1582 3370 lumen
1631 3305 1846 3388 alorioe
1884 3312 2150 3372 creatum

587 3403 648 3464 et
675 3399 1011 3464 increatum
1035 3399 1176 3464 Dei.
1199 3431 1280 3450 -
1295 3400 1544 3463 Tertius
1567 3405 1776 3462 tamen
1809 3401 2037 3464 modus
2062 3400 2150 3462 di-

585 3491 772 3554 cendi
803 3509 940 3555 esse
963 3497 1198 3571 potest,
1228 3494 1445 3558 lumen
1480 3492 1672 3573 hujus
1709 3493 1979 3558 scientias
2008 3511 2147 3556 esse

585 3587 793 3666 ipsum
822 3585 1042 3650 lumen
1074 3588 1288 3668 gloriae
1309 3635 1324 3663 ,
1381 3593 1570 3668 atque
1617 3587 1777 3651 adeo
1820 3589 2148 3652 scientiam

583 3679 859 3742 infusam
887 3682 1098 3761 quoad
1134 3682 1416 3744 habitum
1460 3681 1664 3742 solum
1695 3681 1928 3744 addere
1968 3683 2149 3746 intel-

579 3773 796 3850 lectui,
813 3775 1050 3838 lumine
1067 3774 1279 3856 glorias
1304 3773 1663 3848 informate,
1681 3777 1927 3854 species
1940 3794 2057 3855 per
2078 3793 2147 3837 se

577 3867 842 3946 infusas,
872 3869 954 3932 ad
977 3887 1245 3950 quarum
1272 3887 1459 3930 usum
1486 3869 1635 3930 satis
1660 3869 1880 3930 eodem
1909 3869 2147 3932 lumine

583 3960 798 4041 glorias
817 3962 1170 4024 intellectus
1194 3961 1494 4026 elevatur.
1520 3961 1666 4036 Quae
1687 3962 1996 4023 sententia
2016 3980 2145 4023 non

582 4055 834 4116 videtur
863 4056 1118 4116 omnino
1150 4055 1355 4117 aliena
1385 4073 1421 4116 a
1447 4055 1517 4116 D.
1555 4055 1795 4116 Thema
1828 4055 1892 4114 in
1919 4053 2019 4115 his
2046 4073 2148 4116 ar-

581 4147 790 4208 ticulis
810 4191 826 4222 ,
865 4165 1016 4209 nam
1059 4147 1124 4208 in
1172 4147 1296 4210 hoc
1347 4153 1524 4212 sexto
1581 4147 1785 4208 solum
1825 4147 2148 4226 distinguit

579 4238 834 4302 habitus
861 4239 1052 4318 hujus
1093 4240 1369 4302 scientiae
1397 4240 1643 4304 ratione
1671 4240 2025 4321 specierum
2050 4241 2147 4301 in-

581 4331 1024 4412 telligibilium,
1053 4337 1117 4394 et
1141 4333 1208 4396 in
1235 4333 1544 4396 solutione
1565 4332 1647 4397 ad
1670 4337 1733 4410 3,
1759 4333 1908 4396 dicit
1929 4333 2146 4396 lumen

581 4423 878 4488 divinitus
906 4425 1184 4486 infusum
1209 4443 1348 4488 esse
1389 4443 1793 4490 communem
1833 4427 2144 4488 rationem

579 4517 970 4598 intelligendi
992 4537 1072 4582 ea
1089 4536 1230 4599 quas
1253 4519 1550 4582 divinitus
1571 4521 1953 4595 revelantur,
1972 4521 2145 4601 quod

580 4615 698 4674 art.
730 4615 772 4674 4
804 4619 1139 4677 vocaverat
1171 4613 1370 4680 lumen
1411 4613 1769 4693 spiritualis
1792 4616 2038 4698 qratia».
2067 4617 2141 4678 Et

578 4704 822 4768 ratione
851 4712 1060 4786 potest
1105 4708 1192 4770 ita
1215 4706 1544 4789 explicari,
1571 4709 1720 4788 quia
1754 4708 1994 4784 lumen,
2026 4727 2141 4790 per

577 4797 752 4878 quod
789 4798 929 4863 hoec
975 4800 1238 4868 scientia
1264 4801 1474 4864 infusa
1499 4807 1786 4866 versatur
1827 4801 1991 4866 circa
2036 4819 2139 4866 res

577 4895 1092 4973 supernaturales
1153 4896 1363 4976 quoad
1417 4893 1854 4974 substantiam,
1905 4913 2138 4976 cogno-

575 4986 812 5049 scendo
841 4987 980 5052 illas
1009 4989 1078 5050 in
1123 5005 1192 5054 se
1223 4989 1374 5069 ipsis
1411 5007 1528 5070 per
1551 4989 1838 5069 proprias
1867 4989 2134 5068 species,

573 5097 704 5143 non
735 5087 828 5144 est
851 5080 1023 5144 aliud
1053 5101 1094 5146 a
1121 5083 1358 5147 lumine
1387 5082 1625 5164 gloriae.
1656 5083 1821 5164 Ergo
1849 5081 2137 5146 absolute

573 5178 642 5236 et
667 5173 1029 5254 simpliciter
1068 5175 1288 5238 lumen
1317 5175 1510 5256 hujus
1559 5177 1834 5238 scientiae
1875 5194 2009 5238 non
2042 5181 2137 5240 est

573 5265 746 5330 aliud
773 5286 813 5330 a
837 5267 1076 5332 lumine
1111 5269 1346 5350 gloriis.
1379 5270 1840 5352 Consequentia
1877 5269 2135 5334 evidens

573 5367 670 5426 est
697 5379 776 5426 ex
803 5379 993 5443 supra
1019 5363 1235 5440 dictis;
1265 5369 1588 5430 ostensum
1617 5370 1714 5427 est
1735 5364 1907 5428 enim
1931 5381 2135 5427 unum

573 5460 638 5518 et
661 5454 834 5519 idem
863 5473 1002 5520 esse
1040 5458 1259 5524 lumen
1285 5458 1476 5540 hujus
1503 5458 1815 5536 scientias,
1855 5475 1983 5538 quo
2032 5475 2134 5520 co-

571 5555 958 5628 gnoscuntur
999 5569 1103 5616 res
1147 5554 1694 5634 supernaturales,
1737 5559 1801 5618 et
1843 5553 2014 5616 Deus
2064 5558 2133 5614 ut

1845 368 2082 435 QUAEST.
2117 366 2203 426 XI.
2235 367 2438 424 AR'rlc.
2474 369 2561 424 Vl.

2247 479 2469 538 auctor
2489 477 2771 536 et‘causa
2796 469 3073 548 illarum,
3106 475 3173 534 et
3198 480 3621 552 consequenter
3636 495 3723 542 om·
3799 525 3801 528 ψ

2245 567 2352 628 nia
2378 565 2681 647 mysteria
2708 564 3218 644 supernaturalia
3239 611 3261 644 ,
3294 572 3475 646 atque
3511 569 3639 634 adeo
3656 592 3725 636 res
3799 645 3801 648 y

2242 757 2413 820 tuale
2442 757 2660 820 lumen
2688 755 2876 818 unius
2920 755 3159 819 ordinis
3182 801 3205 832 ,
3250 757 3522 837 quamvis
3560 778 3651 840 per
3682 782 3726 824 ss
3799 789 3805 848 >4

2238 853 2443 933 primo
2470 857 2757 914 versetur
2784 850 2951 914 circa
2994 869 3097 914 res
3146 851 3247 912 sui
3288 851 3515 914 ordinis
3533 899 3550 928 ,
3574 861 3727 918 tamen

2241 947 2431 1010 etiam
2459 945 2739 1010 secundo
2769 945 3214 1028 complectitur
3234 964 3341 1008 res
3370 945 3641 1012 interioris
3662 971 3726 1014 or-

2240 1040 2426 1114 dinis,
2474 1057 2635 1121 quas
2688 1039 2997 1120 superiori
3044 1045 3107 1102 et
3152 1039 3561 1103 excellentiori
3592 1045 3727 1106 modo
3802 1043 3805 1112 Ι

2241 1135 2509 1216 attingit,
2542 1140 2612 1199 ut
2636 1141 2809 1216 patet
2836 1135 2901 1196 in
2924 1135 3166 1196 lumine
3192 1134 3593 1211 immateriali,
3608 1139 3729 1216 quod
3802 1145 3804 1150 “

2238 1231 2442 1312 primo
2496 1229 2661 1294 circa
2717 1229 3157 1294 immaterialia
3214 1235 3495 1292 versatur
3516 1273 3532 1304 ,
3574 1237 3729 1294 tamen

2242 1325 2434 1388 etiam
2474 1323 2723 1405 attingit
2761 1323 3110 1386 materialia
3156 1323 3353 1386 modo
3386 1323 3726 1386 immateriali.
3802 1371 3805 1384 ,

2237 1419 2635 1482 Antecedens
2658 1435 2807 1481 vero
2826 1416 3208 1492 declaratur,
3232 1422 3299 1482 et
3320 1417 3615 1497 probatur,
3627 1419 3730 1496 quia
3802 1449 3804 1456 ·

2236 1511 2453 1574 lumen
2480 1511 2695 1594 gloriae
2726 1517 2823 1574 est
2850 1511 3168 1574 sufficiens
3198 1510 3560 1591 principium
3577 1511 3643 1572 ad
3662 1531 3728 1576 co-
3799 1535 3801 1572 ;

2238 1605 2671 1685 gnoscendum
2700 1623 2769 1668 se
2802 1607 3034 1686 ipsum,
3066 1611 3130 1668 et
3157 1604 3285 1668 alia
3312 1604 3543 1666 lumina
3562 1604 3659 1666 sihi
3678 1605 3730 1666 si-

2236 1699 2430 1776 milia,
2450 1718 2565 1780 per
2586 1701 2863 1780 seipsum
2888 1717 3001 1760 seu
3024 1717 3139 1780 per
3156 1697 3477 1780 propriam
3496 1698 3725 1778 speciem,

2238 1811 2389 1876 ergo
2432 1799 2529 1857 est
2571 1795 2761 1856 etiam
2804 1793 3123 1856 sufficiens
3150 1792 3529 1874 principium
3561 1791 3629 1852 ad
3664 1807 3731 1852 co·
3802 1797 3804 1852 ὲ

2238 1887 2663 1970 gnoscendam
2692 1887 2956 1968 gratiam
2985 1886 3481 1950 sanctificantem
3519 1884 3730 1966 perfecte
3797 1897 3804 1960 J

2238 1988 2302 2046 et
2330 1981 2740 2062 quidditative
2752 2027 2775 2059 ,
2810 1987 3001 2062 atque
3024 1981 3187 2044 adeo
3220 1981 3307 2044 ad
3334 1979 3731 2060 cognoscendas

2236 2093 2459 2138 omnes
2515 2075 2849 2155 qualitates
2918 2073 3439 2157 supernaturales
3463 2117 3478 2146 ,
3532 2077 3591 2132 ut
3630 2076 3729 2132 sunt

2234 2170 2530 2246 charitas,
2552 2170 2719 2232 dona
2748 2169 3277 2250 supernaturalia,
3302 2173 3365 2230 et
3384 2165 3609 2238 similia,
3632 2181 3728 2244 quae
3802 2193 3805 2230 t

2235 2263 2521 2344 ejusdem
2546 2263 2781 2326 ordinis
2801 2269 2969 2338 sunt,
2992 2269 3057 2326 et
3086 2262 3167 2326 ad
3198 2262 3487 2344 gratiam,
3508 2260 3640 2322 sicut
3656 2275 3729 2336 po·
3803 2287 3804 2325 1

2234 2359 2441 2420 tentiae
2470 2357 2550 2420 ad
2574 2357 2841 2420 formam
2868 2356 3309 2437 principalem,
3330 2358 3727 2434 comparamini-3
3803 2383 3804 2418 2

2233 2451 2401 2514 unde
2430 2451 2603 2512 idem
2632 2450 2849 2512 lumen
2892 2449 3213 2512 sufficiens
3250 2455 3346 2514 est
3374 2447 3457 2512 ad
3494 2447 3613 2508 haec
3634 2461 3729 2506 om-

2233 2545 2339 2608 nia
2382 2543 2843 2625 cognoscenda.
2869 2544 3273 2608 Antecedens
3300 2546 3657 2622 assumptum
3673 2537 3727 2597 de
3802 2573 3804 2576 <

2232 2639 2369 2719 ipso
2398 2637 2637 2700 lumine
2670 2638 2885 2716 gloriae
2906 2683 2921 2713 ,
2958 2637 3211 2700 videtur
3240 2655 3397 2700 sane
3434 2651 3545 2716 per
3568 2649 3623 2694 se
3644 2629 3727 2692 cla·

2231 2750 2405 2808 rum,
2456 2732 2603 2811 quia
2638 2731 2881 2794 nullum
2911 2730 3339 2794 intellectuale
3376 2730 3579 2792 lumen
3599 2723 3726 2784 vide·
3803 2755 3804 2792 ᾗ

2230 2831 2332 2888 tur
2385 2843 2523 2888 esse
2570 2825 2659 2888 ita
2704 2825 3251 2888 accommodatum
3308 2823 3388 2888 ad
3435 2817 3726 2882 habendam

2230 2919 2571 3000 perfectam
2596 2918 2919 2982 scientiam
2948 2919 3013 2979 in
3042 2919 3301 2998 proprio
3325 2931 3549 2998 genere
3565 2957 3583 2988 ,
3614 2911 3725 2970 sicut
3803 2945 3804 2982 3

2232 3019 2325 3076 est
2352 3014 2557 3093 ipsum
2579 3012 2799 3076 lumen
2828 3012 3071 3092 gloriae,
3088 3013 3240 3091 quia
3264 3011 3506 3074 nullum
3528 3004 3725 3070 inferius

2228 3107 2476 3170 videtur
2506 3123 2643 3170 esse
2668 3123 2857 3187 posse
2888 3106 2974 3168 ita
3004 3105 3349 3182 sufficiens,
3382 3120 3520 3166 cum
3546 3117 3651 3162 nou
3673 3095 3726 3157 sit
3802 3133 3805 3172 ἶ

2228 3207 2359 3264 tam
2387 3199 2764 3280 perfectum3
2796 3199 3133 3280 perfectius
3165 3206 3384 3264 autem
3424 3199 3637 3267 lumen,
3658 3189 3728 3252 vel
3802 3229 3805 3265 1

2232 3295 2487 3358 omnino
2516 3313 2655 3356 esse
2680 3311 2809 3356 non
2833 3299 3062 3374 potest,
3080 3294 3181 3358 vel
3200 3294 3339 3356 sine
3368 3309 3549 3356 causa
3572 3283 3729 3364 requi·
3803 3321 3804 3354 1

2230 3395 2406 3452 retur
2431 3389 2513 3450 ad
2546 3389 2669 3450 tale
2696 3388 2915 3450 lumen
2942 3390 3477 3469 cognoscendum,
3514 3399 3638 3448 cum
3664 3381 3731 3439 lu·
3802 3415 3805 3452 ε

2230 3501 2376 3544 men
2406 3482 2759 3544 intellectus
2790 3482 3059 3563 angelici
3077 3489 3307 3546 natura
3334 3501 3449 3546 sua
3476 3474 3731 3542 sufficiens

2231 3577 2311 3638 sit
2338 3576 2419 3640 ad
2460 3575 2973 3657 cognoscendum
3020 3577 3301 3657 seipsum
3322 3623 3345 3656 ,
3378 3582 3438 3642 et
3482 3572 3586 3636 sibi
3610 3565 3733 3630 simi·

2229 3670 2334 3730 lia.
2382 3671 2458 3730 Et
2489 3669 2556 3730 in
2585 3669 2949 3732 universum
2970 3715 2991 3748 ,
3032 3687 3219 3734 omne
3268 3672 3485 3735 lumen
3512 3661 3734 3730 intellec-

2228 3763 2400 3826 tuale
2434 3763 2675 3826 clarum
2714 3771 2779 3828 et
2808 3764 3063 3828 evidens
3092 3771 3188 3828 est
3212 3766 3526 3828 sufficiens
3558 3751 3733 3840 princi·

2227 3857 2404 3938 pium
2424 3857 2702 3936 seipsum
2723 3856 3185 3922 manifestandi.
3204 3853 3641 3939 Consequentia
3657 3862 3731 3908 ve·

2228 3971 2319 4027 re,
2340 3953 2507 4033 quod
2530 3953 2611 4014 ad
2632 3955 2895 4034 gratiam
2917 3955 3411 4018 sanctificantem
3440 3951 3655 4020 attinet,
3670 3940 3735 4002 fa·

2227 4047 2359 4108 cilis
2390 4047 2582 4110 etiam
2606 4047 2855 4110 videtur
2872 4093 2893 4124 ,
2915 4053 3051 4110 tum
3076 4049 3224 4128 quia
3252 4048 3455 4130 gratia
3480 4049 3539 4106 et
3562 4042 3730 4138 lamet]

2228 4149 2373 4204 sunt
2399 4159 2504 4204 res
2534 4141 2822 4222 ejusdem
2850 4142 3108 4217 ordinis,
3157 4143 3330 4206 unde
3374 4137 3643 4206 eamdem
3670 4147 3733 4189 vl·

2226 4233 2455 4296 dentur
2480 4234 2717 4298 habere
2740 4235 3053 4299 rationem
3082 4237 3315 4316 objecti
3348 4233 3601 4302 scibilis;
3630 4229 3731 4286 tum

2229 4327 2417 4390 etiam
2460 4329 2607 4410 quia
2648 4327 2714 4390 in
2752 4330 2991 4410 Angelo
3038 4331 3207 4394 idem
3236 4329 3521 4394 naturale
3562 4325 3733 4384 lumen

2228 4425 2321 4484 est
2346 4424 2661 4486 sufficiens
2680 4423 3083 4506 principium,
3100 4443 3229 4488 non
3248 4430 3489 4490 tantum
3504 4420 3731 4497 seipsum

2226 4517 2682 4596 cognoscendi,
2742 4519 2855 4580 sed
2900 4519 3091 4582 etiam
3136 4521 3543 4584 substantiam
3578 4507 3733 4591 ipsius

2224 4608 2473 4688 Angeli,
2502 4611 2685 4691 cujus
2726 4617 2819 4674 est
2859 4605 3241 4692 proprietas}
3278 4615 3395 4678 sed
3420 4615 3535 4674 hoc
3555 4607 3730 4669 lumen

2220 4701 2431 4780 gloriae
2456 4702 2645 4766 etiam
2674 4712 3075 4785 comparatur
3098 4707 3181 4770 ad
3206 4709 3493 4789 gratiam,
3514 4709 3731 4783 praeser·

2219 4797 2333 4860 tim
2358 4806 2888 4876 consummatam,
2918 4801 3079 4866 sicut
3099 4804 3443 4884 proprietas
3472 4798 3547 4862 ad
3583 4791 3730 4892 natit-

2218 4909 2379 4970 ram,
2412 4911 2557 4956 cum
2582 4911 2707 4972 qua
2736 4892 2927 4958 habet
2954 4899 3459 4978 proportionem3
3484 4906 3621 4970 ergo
3640 4883 3729 4944 ent

2219 4985 2597 5066 principium
2636 4986 2951 5050 sufficiens
2999 4993 3421 5070 cognoscendi
3463 4986 3649 5054 illam,
3682 4981 3729 5036 θῑ

2218 5079 2443 5142 eadem
2488 5079 2649 5142 ratio
2688 5081 2915 5162 probat
2946 5082 3027 5146 de
3068 5084 3203 5147 aliis
3235 5079 3645 5166 qualitatibus,
3680 5069 3729 5128 θῑ

2217 5173 2549 5237 virtutihus
2588 5177 3203 5255 supernaturalibus,
3238 5197 3385 5242 cum
3412 5187 3605 5253 neque
3630 5161 3727 5226 illffl

2214 5267 2618 5348 perfectiores
2638 5268 2785 5346 sint,
2806 5289 3019 5351 neque
3038 5272 3119 5334 ad
3142 5273 3282 5336 illas
3304 5257 3725 5355 cognoscendas

2216 5363 2421 5443 major
2444 5362 2640 5426 virtus
2666 5365 3045 5445 requiratur.
3077 5367 3154 5430 Et
3182 5363 3531 5432 confirmari
3552 5351 3727 5440 potest
3803 5427 3804 5438 χ

2214 5455 2318 5518 hic
2346 5455 2692 5534 discursus,
2713 5459 2861 5540 quia
2883 5459 3104 5538 virtus,
3126 5479 3266 5541 ques
3288 5467 3507 5543 potens
3534 5456 3723 5526 estpef
3803 5451 3804 5498 ³

2216 5567 2282 5614 se
2331 5549 2534 5630 primo
2596 5552 2829 5616 versari
2876 5553 3041 5616 circa
3088 5553 3345 5635 aliquod
3400 5551 3683 5630 objectum
3703 5577 3719 5608 9
