3892 6167
471 362 594 422 400

473 485 601 548 quo
643 467 871 532 Paulus
903 467 986 530 ihi
1030 469 1302 534 ostendit
1343 471 1768 536 sacerdotium
1805 470 2031 534 Christi

475 561 783 626 excellere
814 562 1214 637 maronicum,
1255 583 1418 642 esse,
1440 567 1590 645 quia
1615 567 1816 628 multa
1843 565 2033 630 sacri·

473 653 618 718 ficia
643 645 868 738 legalia
905 676 1031 719 non
1058 666 1396 738 potuerunt
1421 662 1762 742 perfectam
1799 661 2033 724 sancti·

475 755 669 814 tatem
699 751 1007 825 conferre,
1046 751 1332 818 Christus
1363 763 1564 820 autem
1592 775 1720 824 una
1741 757 2033 822 oblatione

478 847 916 912 consummavit
938 849 1347 930 sanctificatos
1363 875 1387 924 ,·
1430 851 1550 914 hoc
1579 858 1792 916 autem
1819 852 2038 916 discri-

477 955 626 1001 men
655 940 927 1004 maxime
951 935 1225 1006 cernitur
1243 946 1308 1008 in
1333 947 1636 1010 sacrificio
1667 954 1947 1022 cruento,
1970 951 2035 1008 et

475 1031 620 1094 ideo
651 1051 780 1093 non
811 1035 1085 1112 oportuit
1113 1043 1262 1102 tunc
1287 1043 1678 1104 mentionem
1701 1042 1910 1106 facero
1935 1059 2033 1106 sa·

417 1160 422 1168 -
477 1125 690 1186 crificii
740 1125 1050 1190 incruenti
1075 1175 1096 1206 ,
1143 1132 1312 1210 quod
1357 1137 1586 1215 saepius
1635 1137 1704 1198 in
1753 1135 2033 1200 Ecclesia

479 1218 758 1294 offertur,
794 1239 1156 1302 quanquam
1179 1226 1342 1290 illius
1365 1229 1584 1292 iterata
1613 1229 1848 1292 oblatio
1873 1229 2030 1292 nihil

476 1309 735 1391 deroget
763 1314 1129 1392 perfectioni
1169 1321 1462 1386 sacrificii
1501 1325 1846 1400 incruenti,
1875 1323 2031 1403 quia

477 1403 541 1464 in
565 1421 634 1465 re
665 1404 874 1470 oblata
902 1409 1066 1472 idem
1097 1420 1190 1476 est
1215 1417 1618 1494 sacrificium,
1637 1418 1809 1498 quod
1826 1419 2035 1480 diver·

477 1513 547 1558 so
581 1498 770 1562 modo
815 1503 1124 1567 offerendi
1165 1509 1458 1585 iteratur,
1503 1529 1632 1574 non
1679 1519 1752 1574 nt
1797 1511 2035 1590 aliquid

473 1589 762 1655 virtutis
745 1597 863 1674 ipsi
896 1599 1202 1666 sacrificio
1236 1612 1588 1681 accrescat,
1633 1605 1744 1670 sed
1773 1611 1842 1669 ut
1867 1605 2035 1668 illius

473 1684 812 1750 efficacitas
845 1691 1028 1754 nobis
1051 1697 1421 1776 applicetur.

556 1782 654 1842 17.
703 1777 1078 1864 OJ2Jectio.-
1103 1790 1460 1876 Responsio.
1483 1825 1564 1842 -
1581 1794 1720 1856 Una
1763 1792 1898 1856 sola
1927 1811 2032 1854 su-

475 1882 688 1956 perest
717 1877 1016 1960 objectio;
1061 1885 1210 1964 qnia
1235 1931 1251 1960 ,
1281 1888 1330 1948 si
1361 1885 1638 1950 Christus
1677 1886 1904 1948 dicitur
1931 1905 2031 1952 sc-

476 1973 678 2038 cerdos
699 1979 1017 2041 secundum
1045 1980 1310 2044 ordinem
1339 1981 1798 2053 Melchisedech,
1823 1980 2029 2042 solum

476 2073 732 2148 propter
750 2072 1395 2150 repraesentationem,
1415 2072 1638 2136 eadem
1659 2071 1906 2136 ratione
1925 2091 2035 2152 po·

476 2161 622 2224 terit
649 2159 770 2224 dici
797 2164 1090 2228 sacerdos
1117 2165 1470 2228 secundum
1491 2165 1778 2228 ordinem
1793 2165 2031 2240 Aemu,

476 2255 624 2336 quia
651 2274 763 2336 per
789 2256 994 2338 legale
1023 2260 1468 2336 sacerdotium,
1501 2261 1722 2324 Christi
1745 2260 2035 2324 sacerdo·

475 2348 667 2425 tium,
715 2357 778 2414 et
817 2370 932 2434 per
986 2352 1286 2416 sacrificia
1335 2353 1566 2431 legalia
1591 2397 1606 2426 ,
1658 2352 2035 2416 sacrificium

475 2439 698 2506 Christi
729 2450 1062 2508 cruentum
1089 2452 1536 2526 repreasentate
1572 2450 1755 2523 sunt,
1791 2452 1861 2509 ut
1889 2464 2035 2510 con·

477 2540 596 2600 stat
625 2554 703 2600 ex
734 2538 951 2615 Paulo,
985 2539 1064 2602 ad
1095 2539 1255 2602 Heh.
1291 2541 1331 2602 9
1359 2547 1424 2602 et
1452 2543 1550 2604 13.
1595 2539 2036 2620 Respondetur

476 2631 771 2712 negando
828 2633 1346 2714 consequentiam
1369 2681 1386 2707 ‚
1437 2635 1584 2712 quia
1633 2651 1764 2698 non
1807 2631 2035 2696 sufficit

477 2739 870 2806 quaecunque
913 2725 1342 2808 praefiguratio
1387 2726 1488 2790 vel
1529 2726 2030 2808 repraesentatio,

478 2824 548 2880 ut
577 2817 854 2882 Christus
899 2820 1145 2883 dicatur
1179 2837 1316 2884 esse
1347 2819 1641 2886 sacerdos
1684 2819 2033 2884 secundum

478 2911 651 2975 illum
682 2910 1001 2988 ordincm;
1029 2915 1256 2996 primo,
1291 2917 1440 2993 quia
1467 2915 1638 2994 quod
1671 2913 1754 2976 ad
1781 2932 1914 2977 rem
1941 2913 2035 2993 ip·

479 3025 616 3072 sam
640 3016 883 3088 spectat
911 3009 1020 3089 (ut
1047 3029 1236 3090 supra
1265 3009 1504 3074 dictum
1527 3009 1647 3090 est)
1673 3028 1804 3074 non
1827 3013 2037 3089 potest

379 3133 386 3138 ·
478 3102 621 3182 quis
647 3101 767 3166 dici
791 3103 1083 3168 sacerdos
1111 3103 1458 3168 secundum
1487 3103 1774 3169 ordinem
1797 3102 2031 3176 Aaron,

477 3195 594 3262 nisi
641 3195 722 3258 sit
766 3196 846 3260 de
892 3198 1082 3278 stirpe
1115 3199 1288 3277 ejus,
1315 3212 1381 3260 et
1407 3197 1804 3262 ceremoniis
1849 3197 1914 3258 in
1956 3216 2031 3258 oa

473 3287 615 3370 lege
645 3290 886 3352 statutis
926 3292 1290 3367 ordinatus,
1331 3309 1472 3371 quai
1513 3309 1640 3352 non
1673 3293 1938 3370 possunt
1966 3290 2029 3352 in

473 3381 786 3447 Christum
823 3385 1179 3450 convenire.
1209 3383 1474 3460 Deinde,
1495 3383 1668 3464 quod
1693 3383 1776 3446 ad
1799 3401 2029 3464 repra}-

473 3476 890 3540 sentationem
917 3478 1162 3554 attinet,
1191 3477 1611 3542 sacerdotium
1649 3479 1860 3540 Aaron
1895 3481 2033 3538 erat

473 3569 910 3652 imperfectum
959 3578 1022 3636 ct
1051 3571 1394 3652 temporale
1422 3616 1446 3650 ‚
1491 3577 1554 3634 et
1605 3568 2035 3650 praefiguravit

473 3663 786 3734 Christum
829 3665 1178 3728 secundum
1217 3671 1450 3728 statum
1495 3663 1638 3726 vitoe
1667 3662 2025 3743 passibilis:

473 3762 702 3821 atvero
727 3757 1186 3822 Melchisedech
1207 3757 1328 3822 fuit
1357 3764 1541 3838 typus
1561 3756 1788 3821 Christi
1810 3773 2031 3818 secun-

473 3848 626 3912 dum
660 3869 882 3914 omnes
903 3852 1318 3932 perfectiones
1347 3850 1677 3914 sacerdotii
1713 3850 1882 3930 ejus,
1915 3868 2033 3912 nn-

473 3941 550 4006 de
579 3943 875 4008 sacrificia
901 3945 1130 4026 legalia
1153 3951 1396 4006 tantum
1425 3943 1781 4024 figurabant
1809 3961 2034 4008 cruen-

476 4044 612 4102 tum
650 4037 1019 4103 sacrificium
1049 4037 1302 4115 Christi,
1330 4056 1443 4117 per
1471 4036 1641 4116 quod
1673 4043 1856 4100 erant
1875 4055 2031 4100 con-

471 4131 848 4194 summanda
874 4138 938 4194 et
965 4131 1300 4209 abolenda,
1325 4130 1702 4194 sacrificium
1719 4149 1868 4195 vero
1886 4130 2034 4196 Mel-

473 4225 810 4288 chisedech
837 4225 1258 4308 praefiguravit
1285 4224 1660 4288 sacrificium
1689 4225 1910 4288 Christi
1956 4243 2033 4288 eo

473 4317 662 4382 modo
697 4337 822 4398 quo
875 4319 940 4380 in
991 4323 1294 4382 aeteruum
1331 4324 1466 4383 erat
1495 4318 1901 4392 duraturum,
1931 4319 2034 4382 vel

473 4411 540 4474 in
565 4411 840 4476 Ecclesia
867 4411 1196 4486 militante,
1221 4412 1294 4476 in
1313 4429 1439 4491 qua
1469 4429 1720 4491 semper
1752 4411 2033 4476 Christus

475 4511 572 4568 est
595 4503 942 4587 principale
969 4505 1268 4574 offerens,
1289 4505 1492 4568 eterit
1515 4504 1818 4586 quamdiu
1849 4525 2035 4568 mun-

470 4597 590 4661 dus
621 4595 891 4665 durabit.
937 4596 1400 4680 propterquod
1433 4598 1560 4662 dici
1587 4604 1796 4680 potest
1833 4615 2033 4665 eccer-

471 4691 577 4758 doa
604 4693 674 4756 iot
698 4697 1010 4770 ceter-num,
1041 4711 1154 4756 sen
1191 4693 1258 4756 in
1285 4693 1550 4760 secudum
1567 4735 1586 4766 ,
1613 4698 1684 4757 ut
1709 4692 1901 4758 habet
1927 4693 2033 4770 lit-

473 4791 608 4848 tera
645 4785 922 4850 hebraea.
956 4787 1063 4847 Vel
1093 4791 1288 4862 certe,
1319 4785 1468 4864 quia
1501 4787 1696 4850 etiam
1723 4787 1792 4849 in
1820 4787 2035 4850 Eccle-

474 4876 567 4940 sia
611 4877 1031 4960 triumphante
1066 4898 1181 4959 per
1235 4885 1534 4942 aeternam
1579 4897 2037 4946 commemora·

473 4970 708 5032 tionem
737 4984 800 5034 et
813 4973 1160 5052 gratiarum
1182 4972 1506 5036 actionem
1528 4973 1802 5036 officium
1833 4991 2035 5036 sacer·

473 5061 636 5126 dotis
665 5067 1000 5130 exercebit.
1029 5066 1353 5142 Quocirca,
1383 5066 1546 5128 sicut
1566 5066 1668 5130 lex
1689 5067 1916 5148 scripta
1942 5067 2035 5130 le·

474 5173 619 5236 gem
649 5157 866 5238 gratiae
895 5159 1316 5240 praefiguravit
1333 5173 1354 5236 ;
1381 5158 1532 5238 quia
1561 5164 1774 5222 tamen
1804 5158 2037 5240 imper·-

474 5247 639 5310 fecta
667 5247 806 5328 fuit,
837 5251 918 5313 'et
950 5251 1302 5332 perlegam
1348 5251 1566 5332 gratiae
1607 5251 1838 5314 abolita
1857 5299 1874 5328 ,
1907 5269 2034 5314 non

475 5346 680 5422 potest
715 5341 818 5422 lex
845 5345 1060 5426 gratiae
1101 5345 1223 5408 dici
1269 5363 1411 5408 esse
1459 5344 1811 5408 seeundum
1843 5345 2037 5410 ritum

477 5433 632 5514 legis
661 5437 888 5500 veteris
905 5459 924 5514 ς
949 5439 1057 5514 ita,
1077 5439 1362 5518 quamvis
1378 5438 1808 5502 sacerdotium
1831 5439 2037 5518 legale

480 5527 786 5593 Christum
817 5527 1198 5612 figuraverit,
1259 5539 1470 5600 tamen
1517 5531 1665 5620 quia
1711 5531 2039 5620 imperfec-

1681 369 1916 436 QUAEST.
1952 366 2101 420 ΧΧΙΙ.
2136 368 2339 420 ARTlC.
2376 370 2454 424 vl.

2111 473 2247 532 tum
2290 469 2440 541 fuit,
2474 479 2539 534 et
2584 489 2697 552 per
2738 471 3047 536 Christum
3082 475 3509 556 abrogatum,
3558 491 3695 541 non

2114 569 2319 642 potest
2340 563 2463 628 dici
2490 565 2773 627 Christus
2797 566 3090 630 sacerdos
3120 569 3695 636 secundum-illum

2114 654 2439 733 ordinem3
2470 664 2535 720 at
2560 677 2711 722 vero
2736 659 2837 722 lex
2864 663 3169 727 uatumlis
3196 681 3327 728 non
3358 664 3483 728 fuit·
3500 663 3701 727 abro-

2114 759 2264 829 gata
2290 769 2405 830 per
2436 752 2748 816 Christum
2770 797 2787 827 ,
2816 755 2929 818 sed
2956 757 3329 822 confirmata
3351 763 3607 833 ,ancta
3631 764 3702 818 et

2112 843 2409 922 perfecta.
2438 845 2517 908 Et
2554 847 2641 908 ita
2670 848 3083 912 sacerdotium
3114 853 3307 914 etiam
3342 850 3697 916 adebisc-

2113 936 2300 1014 dech,
2331 945 2645 1018 quatenus
2690 945 2827 1004 erat
2866 942 3028 1022 legis
3080 951 3323 1010 naturae
3352 989 3375 1021 ,
3407 963 3549 1009 nou
3577 941 3700 1008 fuit

2112 1031 2365 1112 proprie
2390 1049 2503 1112 per
2522 1033 2836 1096 Christum
2862 1035 3167 1113 ablatum,
3196 1037 3313 1100 sed
3332 1037 3425 1100 ed.
3444 1035 3704 1117 perfec—

2114 1124 2337 1184 tiorem
2364 1125 2626 1188 modum
2647 1127 2993 1200 elevatum;
3018 1149 3160 1209 quae
3192 1137 3413 1192 tamen
3442 1129 3699 1208 perfee-

2114 1216 2199 1278 tio
2247 1222 2380 1278 tota
2422 1217 2486 1278 in
2522 1219 2757 1282 illomet
2798 1221 3201 1304 praefigurata
3248 1223 3407 1298 fuit,
3437 1229 3503 1283 et
3548 1220 3695 1282 ideo

2114 1310 2349 1390 optime
2396 1311 2625 1376 dicitur
2664 1313 2941 1376 Christus
2990 1317 3292 1378 sacerdos
3330 1313 3697 1378 secundum

2112 1403 2293 1465 illum
2340 1405 2662 1482 ordinem,
2712 1408 2861 1486 qnia
2902 1409 2969 1469 in
3012 1427 3083 1471 se
3116 1407 3347 1471 habuit
3374 1405 3695 1490 quidquid

2114 1497 2513 1576 perfectionis
2538 1499 2603 1560 in
2634 1499 2741 1562 illo
2769 1501 2909 1578 fuit,
2938 1515 3070 1564 tam
3112 1500 3465 1565 formaliter
3492 1517 3691 1580 quam

2113 1593 2647 1668 repraesentative.

2527 1784 2980 1850 mSPUTATlo
3020 1787 3259 1861 vau,

2474 1931 2530 1983 ln
2557 1929 2691 1984 duas
2714 1931 2978 1985 sectiones
3016 1931 3325 1986 distributa.

2114 2083 2190 2128 DE
2230 2083 2570 2132 romanu
2610 2083 3025 2137 mmmmm
3064 2082 3489 2136 OENYEHIW
3514 2084 3693 2134 ml·

2198 2177 2305 2224 sro
2330 2177 2589 2226 unone
2614 2178 2871 2228 serum
2892 2180 3263 2240 sacuam,
3288 2177 3553 2232 meone
3568 2177 3691 2228 ars-

2195 2271 2434 2318 arrmu
2478 2272 2695 2323 uaso.

2200 2443 2550 2510 Sacerdotis
2587 2463 2811 2512 uanus
2831 2449 3208 2530 precipuum
3254 2449 3420 2529 quod
3460 2449 3581 2512 sii.
3606 2479 3685 2492 —

2115 2539 2293 2612 Cum,
2322 2543 2485 2600 teste
2530 2539 2725 2603 Paulo
2745 2585 2764 2615 ,
2796 2540 3095 2605 sacerdos
3118 2540 3377 2608 medius
3412 2540 3502 2602 sit
3522 2541 3691 2604 inter

2112 2633 2319 2696 Deum
2370 2639 2433 2696 et
2489 2633 2775 2697 homines
2802 2679 2823 2710 ,
2862 2635 2989 2698 duo
3036 2637 3360 2716 prmmpne
3400 2635 3488 2698 ad-
3516 2635 3683 2698 illins

2114 2745 2347 2790 munus
2374 2733 2661 2808 spectant
2702 2745 2717 2790 ε
2756 2729 3029 2792 alterum
3046 2775 3069 2806 ,
3096 2745 3214 2809 per
3240 2729 3683 2792 hahituffinem

2115 2820 2197 2884 ad
2222 2821 2458 2894 Deum;
2492 2821 2789 2896 alterum,
2818 2839 2935 2901 per
2964 2821 3397 2886 habitudinem
3434 2821 3535 2885 ‘ad
3574 2823 3683 2884 ho-

2114 2913 2343 2977 mines.
2386 2912 2583 2976 Debet
2626 2915 2799 2979 enim
2846 2916 3049 2980 Deum
3082 2913 3295 2978 colere
3323 2959 3341 2988 ‚
3374 2933 3587 2986 orare,
3620 2923 3687 2977 et

2116 3007 2373 3070 nomine
2402 3006 2595 3070 totius
2638 3007 2857 3087 populi
2896 3007 3277 3072 sacrificinm
3317 3008 3382 3074 ei
3424 3007 3679 3080 offerre,

2114 3101 2215 3162 vel
2240 3102 2305 3162 in
2338 3101 2760 3180 expiationem
2780 3101 3181 3177 delictorum,
3210 3101 3317 3165 vel
3342 3101 3413 3164 in
3443 3103 3679 3181 gratia·

2113 3213 2255 3258 rum
2282 3195 2632 3272 actionem,
2672 3205 2739 3258 et
2771 3195 3009 3260 cultum
3050 3195 3139 3258 illi
3164 3202 3237 3258 nt
3266 3195 3479 3276 primo
3510 3197 3679 3276 prin·

2114 3288 2275 3367 cipio
2304 3287 2607 3362 debitum,
2638 3288 2733 3350 vel
2764 3289 3038 3368 denique
3070 3288 3151 3352 ad
3178 3304 3341 3352 nova
3366 3288 3682 3352 beneficia

2109 3381 2529 3462 impetranda.
2565 3382 2759 3447 Debet
2793 3390 3095 3464 praeterea
3122 3383 3429 3462 populum
3459 3384 3541 3445 de
3584 3403 3677 3446 re·

2110 3476 2231 3538 hus
2271 3473 2355 3538 ad
2382 3475 2619 3540 cultum
2662 3475 2801 3550 Dei,
2848 3483 2913 3540 et
2931 3477 3201 3540 salutem
3225 3476 3479 3540 animm
3494 3479 3677 3557 perti-

2112 3567 2409 3634 nentibus
2436 3567 2693 3642 docere,
2714 3575 2777 3632 et
2800 3561 3135 3645 instruere,
3159 3588 3239 3632 ac
3256 3569 3677 3645 sanctificare,

2104 3663 2287 3739 juxta
2317 3661 2579 3724 modum
2606 3661 2973 3733 sacerdotii
2996 3669 3059 3726 et
3088 3668 3467 3745 potestatem
3493 3663 3673 3724 sibit

2110 3755 2242 3817 Deo
2274 3755 2524 3829 datam;
2580 3763 2643 3818 et
2680 3755 2907 3820 eodem
2934 3755 3122 3818 modo
3160 3755 3247 3818 ad
3284 3755 3673 3819 sacerdotem

2112 3847 2383 3928 pertinet
2402 3847 2755 3928 gobernare
2775 3848 3079 3930 populum
3098 3848 3221 3910 sihi
3239 3849 3675 3922 commissum,

2116 3947 2179 4006 et
2206 3959 2321 4021 per
2348 3940 2787 4006 convenientia
2830 3942 3043 4004 media
3068 3941 3343 4021 dirigere
3378 3941 3471 4004 ad
3496 3941 3675 4004 denti-

2114 4041 2335 4100 natum
2368 4033 2557 4099 snam
2578 4081 2597 4108 ,
2642 4035 2751 4115 qui
2784 4042 2881 4100 est
2922 4036 3035 4098 Dei
3070 4036 3309 4113 cultus,
3351 4043 3415 4099 et
3436 4037 3673 4099 anima·

2112 4147 2257 4194 rum
2286 4129 2479 4193 salus.
2522 4132 2613 4194 Ac
2640 4131 2923 4211 denique
2944 4132 3253 4211 judicium
3276 4130 3557 4194 ferre-de
3582 4150 3673 4193 rc·

2116 4224 2237 4287 bus
2274 4223 2355 4285 ad
2384 4223 2683 4288 eumdem
2720 4223 3111 4304 spiritualem
3136 4223 3337 4285 finem
3362 4225 3673 4302 pertinen·

2117 4317 2303 4388 tibus,
2324 4316 2507 4395 juxta
2533 4320 2911 4397 potestatem
2934 4318 3057 4380 sibi
3079 4317 3317 4392 datam,
3346 4323 3419 4379 ut
3440 4317 3672 4380 dietum

2115 4415 2241 4482 θεῖς
2264 4409 2437 4488 quia,
2459 4409 2603 4474 licet
2624 4426 2749 4472 non
2777 4411 3077 4474 omnibus
3094 4409 3539 4472 sacer-dotibus
3549 4431 3673 4472 om·

2113 4503 2219 4568 nia
2246 4504 2379 4565 haec
2406 4505 2807 4576 conveniant,
2840 4504 3207 4585 simpliciter
3235 4509 3456 4567 tamen
3480 4508 3674 4586 perti-

2112 4603 2267 4660 nent
2292 4597 2376 4668 ad
2402 4598 2791 4662 sacerdotale
2815 4617 3075 4674 munuS,
3104 4605 3171 4660 et
3196 4598 3518 4681 praecipue
3540 4602 3673 4662 talis

2113 4693 2387 4773 potestas
2416 4690 2799 4754 invenienda
2824 4692 3015 4754 estin
3034 4692 3373 4774 principali
3398 4696 3671 4757 sacerdo·

2114 4789 2201 4862 te,
2232 4785 2296 4844 in
2326 4801 2453 4863 quo
2480 4789 2613 4848 tota
2640 4783 3045 4850 sacerdotalis
3092 4785 3291 4847 virtus
3326 4789 3675 4850 eminenter

2116 4878 2494 4942 continetur.
2529 4877 2839 4950 Quoniam
2866 4895 3017 4958 ergo
3048 4877 3113 4940 in
3143 4879 3531 4957 praecedenti
3556 4881 3671 4942 dis·

2115 4970 2441 5053 putatione
2464 4972 2615 5034 satis
2638 4971 2877 5034 dictum
2900 4977 2996 5034 est
3017 4971 3103 5032 >de
3130 4973 3493 5036 sacerdotio
3515 4973 3671 5038 Chri·

2116 5065 2193 5126 sti
2222 5081 2337 5146 per
2369 5063 2805 5126 habitudinem
2830 5064 2913 5126 ad
2938 5063 3155 5136 Deum
3184 5069 3249 5126 et
3274 5066 3361 5144 da
3392 5069 3581 5130 medo
3599 5086 3671 5130 ac

2114 5157 2238 5219 ritu
2266 5173 2393 5235 quo
2420 5155 2504 5222 iui
2542 5156 2920 5218 sacrificium
2950 5155 3199 5233 obtulit,
3222 5159 3463 5238 quibus
3488 5163 3669 5224 etiam

2118 5249 2377 5331 adjungi
2405 5257 2671 5329 possunt
2696 5267 2837 5330 quae
2866 5267 3056 5330 supra
3084 5249 3165 5312 de
3192 5253 3486 5316 oratione
3506 5253 3669 5318 Chri·

2120 5345 2201 5406 sti
2220 5343 2387 5406 dicta
2416 5350 2584 5416 sunt,
2614 5342 2761 5405 ideo
2786 5349 3251 5420 consequenter
3269 5349 3579 5426 seqnitur,
3604 5355 3665 5408 at

2117 5436 2395 5500 breviter
2420 5435 2659 5515 aliquid
2685 5435 2967 5500 dicamus
2988 5433 3067 5496 de
3090 5434 3215 5500 hoc
3230 5439 3581 5502 sacerdotio
3605 5439 3661 5501 in

2122 5531 2341 5598 ordine
2368 5528 2449 5591 ad
2478 5527 2789 5608 homineS,
2834 5535 2893 5590 et
2929 5526 3008 5588 de
3034 5529 3342 5612 spirituali
3370 5537 3661 5612 potestate
