3892 6167
620 410 857 474 tionem
882 408 1099 485 postea
1124 401 1515 467 tractandam
1544 400 2019 473 accommodare
2051 417 2178 460 om·

618 502 803 565 nibus
829 498 982 561 locis
1010 498 1175 561 illius
1223 498 1505 573 Concilii‚
1536 514 1871 577 possumus
1899 492 2177 557 secundo

620 594 1005 677 respondere
1058 612 1136 655 ex
1182 594 1372 675 paulo
1428 597 1617 655 antea
1656 591 1856 666 dictis,
1892 587 2180 669 quamvis

618 689 830 771 imago
858 687 1157 751 adoretur
1186 688 1411 753 eodem
1440 692 1586 747 actu
1617 684 1814 747 latriae
1843 702 1970 763 quo
2019 682 2176 745 ado-

620 788 794 848 ratur
820 787 1199 863 prototypon
1223 826 1244 858 ,
1274 786 1487 843 tamen
1533 778 1710 840 illum
1732 777 2040 862 ‘eumdem
2073 793 2177 837 ac-

618 883 756 940 tum
784 894 925 938 esse
951 875 1199 937 latriam
1225 872 1569 955 perfectam
1592 878 1779 954 prout
1808 871 2180 935 terminatur

622 970 705 1033 ad
730 975 1134 1051 prototypon,
1156 974 1338 1049 prout
1359 986 1507 1031 vero
1535 963 2010 1028 terminatur'ad
2032 965 2184 1024 ima-

621 1066 835 1145 ginem
886 1081 1019 1124 non
1070 1079 1209 1123 esse
1245 1060 1587 1141 perfectam
1614 1060 1885 1135 latriam,
1917 1056 2031 1119 sed
2061 1056 2178 1117 ha·-

621 1158 773 1223 bere
804 1156 931 1217 vim
960 1163 1023 1218 et
1063 1154 1376 1217 rationem
1416 1152 1730 1215 inferioris
1772 1148 2176 1213 adorationis.

622 1252 758 1313 Non
786 1248 959 1331 quod
983 1249 1085 1309 hoe
1114 1248 1255 1309 duae
1270 1248 1552 1309 rationes
1574 1246 1641 1308 in
1662 1246 1768 1308 illo
1790 1250 1935 1307 actu
1959 1260 2181 1305 secun-

622 1345 773 1407 dum
822 1362 984 1420 rem,
1014 1362 1127 1407 seu
1176 1360 1253 1405 ex
1280 1348 1508 1403 natura
1556 1340 1650 1403 rei
1688 1340 2178 1419 distinguantur,

623 1439 736 1502 sed
764 1444 1007 1501 tantum
1040 1436 1409 1499 habitudine
1437 1440 1503 1496 et
1530 1435 1898 1515 praecisione
1918 1432 2176 1505 mentis;

622 1550 791 1612 saepe
838 1530 1007 1593 enim
1054 1528 1360 1609 contingit
1406 1528 1699 1591 eamdem
1741 1526 2184 1589 indivisibilem

622 1627 939 1689 actionem
968 1624 1283 1705 respicere
1304 1623 1583 1685 diversos
1602 1622 1927 1698 terminos,
1949 1626 2012 1681 et
2030 1637 2183 1700 prae-

623 1720 753 1783 cise
798 1724 1166 1800 conceptam
1209 1735 1322 1798 per
1365 1715 1799 1793 habitudinem
1854 1714 1934 1776 ad
1983 1730 2184 1775 unum

624 1814 726 1877 vel
772 1815 1043 1876 alterum
1072 1812 1304 1873 habere
1351 1809 1662 1873 diversam
1704 1809 2015 1871 rationem
2071 1824 2184 1869 seu

624 1906 1199 1971 denominationem
1210 1926 1233 1979 3
1263 1903 1351 1966 sic
1379 1902 1605 1965 eadem
1644 1902 1833 1979 actio,
1874 1914 2064 1982 prout
2089 1905 2185 1962 est

624 2020 663 2064 a
688 2002 843 2077 De0,
896 2004 991 2062 est
1040 2016 1385 2061 concursus
1430 1996 1649 2077 primae
1696 2012 1942 2069 causoe3
1997 1998 2184 2077 prout

626 2112 773 2157 vero
793 2099 891 2157 est
914 2111 953 2154 a
980 2110 1173 2155 causa
1202 2089 1503 2167 secunda,
1520 2094 1618 2153 est
1648 2088 1976 2151 efficientia
2009 2089 2180 2167 ejus;

626 2188 717 2249 sic
743 2187 958 2262 etiam,
1006 2185 1153 2248 licet
1187 2186 1412 2247 beatus
1450 2183 1675 2245 eadem
1704 2181 2064 2245 indivisibili
2098 2180 2187 2243 vi-

627 2282 805 2346 sione
828 2280 1039 2343 videat
1067 2281 1269 2343 Deum
1300 2284 1366 2341 et
1386 2284 1707 2341 creaturas
1740 2276 1807 2338 in
1830 2278 1986 2350 Deo,
2025 2275 2188 2337 nihi·

626 2375 899 2438 lominus
935 2374 1043 2435 illa
1088 2374 1246 2437 visio
1278 2379 1373 2437 est
1412 2372 1735 2435 beatitudo
1764 2377 1954 2451 prout
1979 2370 2192 2433 termi-

626 2476 814 2532 natur
841 2468 925 2531 ad
950 2470 1177 2543 Deum,
1218 2485 1345 2529 non
1374 2484 1526 2529 vero
1574 2470 1767 2546 prout.
1814 2464 2192 2527 terminatur

626 2562 711 2625 ad
737 2569 1091 2637 creaturas;
1124 2566 1191 2623 et
1226 2559 1547 2635 similiter,
1580 2559 1764 2639 juxta
1792 2558 2188 2639 probabilem

628 2658 991 2737 opinionem
1012 2702 1027 2731 ‚
1074 2654 1247 2735 quod
1283 2661 1551 2734 possunt
1576 2654 1744 2717 Deus
1772 2660 1837 2717 et
1869 2653 2190 2732 proximus

628 2748 803 2831 diligi
858 2748 1086 2813 eodem
1140 2747 1499 2811 indivisibili
1548 2752 1693 2809 actu
1712 2791 1734 2823 ,
1778 2746 1923 2809 talis
1967 2752 2146 2811 actus
2171 2792 2186 2821 ,

629 2851 821 2925 prout
852 2843 1225 2907 terminatur
1268 2840 1353 2903 ad
1393 2842 1594 2904 Deum
1618 2884 1635 2917 ,
1670 2846 1767 2903 est
1792 2858 1972 2903 amor
2000 2858 2192 2920 super

630 2937 865 3011 omnia,
896 2954 1029 2999 non
1064 2954 1211 2997 vero
1241 2939 1427 3015 prout
1464 2934 1839 2997 terminatur
1866 2932 1950 2997 ad
1978 2931 2189 3013 proxi-

630 3046 827 3093 mum.
863 3029 963 3092 Sic
992 3047 1169 3110 ergo,
1194 3027 1483 3109 quamvis
1514 3026 1687 3089 idem
1712 3032 1925 3089 motus
1971 3024 2192 3089 adora·

631 3122 819 3185 tionis
842 3121 1063 3184 tendat
1088 3122 1169 3184 ad
1195 3128 1575 3203 prototypon
1603 3120 1667 3183 in
1694 3119 1996 3199 imagine,
2027 3124 2088 3181 et
2112 3116 2194 3181 ad

630 3208 991 3296 imaginem
1012 3221 1271 3295 propter
1316 3218 1735 3295 prototypon,
1784 3212 2193 3277 nihilominus

630 3307 739 3371 ille
780 3313 956 3371 actus
1010 3315 1305 3388 respectu
1350 3307 1670 3389 prototypi
1702 3312 1796 3371 est
1824 3306 2076 3386 proprie
2105 3307 2195 3369 la-

631 3401 774 3474 tria,
804 3402 954 3482 quia
998 3400 1155 3463 illud
1201 3400 1456 3482 respicit
1492 3406 1559 3461 ut
1589 3400 1905 3481 objectum
1949 3416 2194 3462 summe

634 3496 949 3559 excellens
982 3502 1045 3559 et
1072 3514 1189 3576 per
1213 3514 1283 3559 se
1318 3494 1635 3558 adorabile
1658 3538 1677 3569 ,
1708 3500 1996 3574 respectu
2045 3512 2196 3557 vero

633 3588 927 3671 imaginis
954 3606 1083 3651 non
1116 3589 1233 3652 erit
1270 3595 1401 3651 tam
1432 3586 1711 3668 perfecta
1746 3586 2057 3663 adoratio,
2085 3586 2198 3651 sed

632 3679 891 3745 inferior
931 3682 1279 3758 veneratio,
1312 3681 1463 3762 quia
1492 3680 1597 3743 illo
1628 3680 1855 3744 eodem
1882 3688 2032 3743 actu
2067 3698 2198 3745 non

632 3776 931 3840 adoratur
960 3782 1033 3837 ut
1074 3767 1393 3837 summum
1442 3773 1759 3855 objectum
1778 3819 1799 3850 ,
1848 3774 1964 3836 sed
1991 3780 2060 3836 ut
2089 3773 2199 3835 ali-

632 3870 786 3950 quid
812 3869 895 3933 ad
938 3868 1094 3931 illud
1120 3868 1444 3950 pertinens
1495 3867 1870 3930 coadoratur
1904 3867 2011 3930 illi.
2046 3867 2196 3940 Quae

630 3962 959 4044 responsio
1000 3961 1203 4042 magis
1244 3962 1309 4024 in
1340 3966 1645 4039 sequente
1670 3960 1947 4023 sectione
1984 3960 2197 4023 decla-

632 4056 890 4121 rabitur.
918 4058 1005 4117 Ex
1029 4056 1137 4119 illa
1169 4074 1319 4119 vero
1348 4054 1739 4135 intelligitur,
1764 4054 1829 4117 in
1857 4072 1927 4117 re
1954 4055 2196 4117 nullam

632 4168 768 4213 csse
796 4148 1221 4213 diversitatem
1251 4148 1417 4211 inter
1450 4148 1823 4211 sententiam
1851 4145 2108 4211 Concilii
2135 4154 2198 4211 et

630 4243 700 4303 D.
737 4243 1035 4318 Thomoe;
1065 4260 1215 4303 nam
1248 4242 1321 4303 D.
1350 4242 1623 4305 Thomas
1656 4242 1863 4304 solum
1903 4242 2192 4303 conside-

630 4334 795 4397 ravit
834 4334 1143 4396 unitatem
1185 4339 1396 4395 motus
1440 4351 1555 4397 seu
1596 4334 1896 4411 actionis,
1940 4338 2006 4397 et.
2047 4334 2192 4397 ideo

630 4426 823 4501 dixit,
852 4426 1075 4489 eadem
1127 4425 1493 4488 adoratione
1536 4426 1758 4503 latriae,
1804 4444 1931 4508 qua
1975 4428 2197 4491 colitur

631 4518 937 4595 ChristuS,
964 4518 1213 4583 adorari
1238 4519 1575 4601 imaginem
1600 4520 1763 4600 ejus,
1787 4522 1958 4601 quod
1978 4538 2197 4585 verum

632 4619 751 4689 cst,
784 4612 933 4693 quia
982 4618 1080 4677 est
1128 4631 1294 4675 unns
1342 4612 1737 4677 indivisibilis
1782 4622 1999 4694 actus3
2031 4616 2197 4679 hanc

631 4712 846 4771 autem
876 4707 1183 4771 unitatem
1214 4707 1599 4771 adorationis
1642 4728 1771 4773 non
1799 4710 2196 4790 praetermisit

632 4800 999 4877 Concilium,
1042 4807 1113 4863 ut
1168 4800 1439 4863 vidimus
1450 4822 1469 4877 3
1500 4801 1651 4883 quia
1698 4808 1906 4867 tamen
1957 4804 2196 4867 illamet

634 4894 819 4957 unica
864 4894 1111 4957 actione
1152 4894 1332 4957 aliter
1376 4893 1679 4959 adoratur
1726 4898 2050 4976 exemplar
2071 4942 2094 4975 ,
2127 4904 2192 4961 et

634 4986 814 5049 aliter
840 4984 1087 5066 imago,
1130 4985 1284 5049 illud
1330 5003 1445 5066 per
1476 5006 1545 5050 se
1582 4988 1787 5067 primo
1832 4994 1896 5050 et
1932 4996 2192 5069 propter

632 5098 725 5153 se,
755 5078 893 5139 haec
922 5079 1413 5141 concomitanter
1452 5085 1516 5142 et
1532 5087 1799 5160 ,propter
1824 5081 2018 5157 aliud,
2045 5082 2191 5145 ideo

632 5171 1068 5235 adorationem
1090 5170 1257 5235 illam
1296 5173 1417 5235 snb
1446 5174 1703 5235 nomine
1736 5174 1931 5239 latriae
1959 5176 2195 5257 simpli-

632 5266 785 5329 citer
816 5264 998 5327 dictae
1036 5264 1250 5329 retulit
1288 5265 1372 5327 ad
1417 5267 1622 5329 solum
1670 5270 2024 5348 exemplar,
2062 5288 2197 5332 res-

633 5362 821 5439 pectu
839 5375 992 5421 vero
1020 5356 1312 5439 imaginis
1340 5359 1487 5425 dicit
1504 5378 1643 5425 esse
1662 5359 2024 5427 inferiorem
2047 5364 2197 5429 ado-

632 5452 967 5515 rationem.

1847 300 2080 367 QUAEST.
2117 297 2267 356 XXV.
2301 302 2502 357 An'rtc.
2535 305 2622 359 tlt.

2342 406 2440 465 17.
2491 399 2860 483 objectio.--
2893 398 3114 463 Dices:
3149 416 3316 481 ergo,
3337 406 3524 471 saltem
3546 420 3693 491 quoad

2260 496 2517 559 modum
2543 494 2870 575 loquendi,
2885 513 3012 571 non
3037 499 3131 557 est
3145 494 3474 575 simpliciter
3493 520 3694 573 asseren.

2260 588 2435 667 dum,
2467 588 2812 669 imaginem
2838 586 3066 650 Christi
3107 604 3242 649 esse
3289 588 3608 659 adorandam
3629 602 3694 665 la-

2260 682 2418 757 tria,
2453 691 2588 745 tum
2626 682 2776 762 quia
2811 681 3157 744 Concilium
3209 699 3332 744 non
3371 684 3448 747 ita
3477 687 3692 773 loquitur,

2257 777 2364 841 sed
2399 778 2604 859 potius
2633 776 2696 839 id
2723 782 2952 856 negat3
2975 779 3112 837 tum
3145 774 3326 837 etiam
3343 778 3474 857 quia
3497 780 3580 843 illa
3599 788 3694 851 ado.

2260 870 2446 944 ratio,
2487 876 2676 950 prout
2699 867 3098 951 ‚terminatur
3139 866 3219 931 ad
3261 869 3574 953 imaginem,
3611 899 3696 943 non

2265 971 2359 1027 est
2381 964 2565 1029 latria
2587 984 2604 1043 ;
2629 970 2766 1027 tum
2809 961 3084 1043 denique
3122 959 3270 1041 quia
3290 962 3472 1027 Sancti
3491 964 3698 1047 [sequen.

2259 1068 2358 1123 ter
2383 1077 2527 1123 cum
2557 1058 2912 1121 exclusione
2948 1056 3188 1130 dicunt,
3212 1054 3402 1117 solum
3421 1059 3579 1121 Deum
3600 1066 3698 1127 ado.

2259 1154 2385 1217 rari
2441 1154 2646 1217 latria.
2672 1149 3136 1232 Respondetur,
3175 1166 3316 1211 cum
3343 1168 3432 1213 res
3461 1152 3566 1231 jam
3603 1175 3698 1221 con.

2262 1253 2425 1325 stet,-
2451 1247 2517 1309 in
2551 1265 2670 1309 usu
2716 1262 2943 1308 vocum
2971 1242 3306 1325 prudentia
3333 1260 3473 1323 opus
3508 1264 3628 1322 esse,
3649 1270 3700 1313 ne

2263 1341 2462 1423 possit
2487 1359 2700 1405 sermo
2726 1343 2839 1402 aut
2867 1336 3198 1401 audientes
3235 1336 3296 1397 in
3319 1354 3552 1401 errorem
3583 1342 3702 1407 indu·

2263 1454 2428 1511 cere,
2453 1440 2564 1496 aut
2591 1432 2960 1497 scandalum
2983 1429 3242 1511 aliquod
3265 1431 3496 1511 gignere
3505 1448 3522 1509 3
3545 1438 3592 1495 et
3607 1436 3698 1497 ideo

2264 1526 2648 1591 attendenda
2689 1532 2780 1589 est
2831 1523 3226 1589 consuetudo
3279 1530 3340 1585 et
3369 1526 3697 1605 apprehensio,

2265 1641 2377 1687 seu
2409 1620 2781 1685 existimatio
2811 1637 3040 1682 eorum
3061 1636 3272 1680 coram
3298 1617 3500 1699 quibus
3535 1628 3606 1683 est
3621 1641 3697 1684 ser-

2263 1736 2368 1781 mo
2389 1734 2412 1797 ;
2437 1735 2587 1779 nam
2615 1716 2682 1779 in
2717 1714 2983 1778 diversis
3007 1711 3296 1778 sensibus
3339 1721 3612 1799 uti-umque
3631 1736 3701 1797 po-

2261 1818 2386 1879 test
2413 1810 2710 1873 affirmari
2730 1809 2837 1871 vel
2857 1806 3108 1891 negari,
3141 1812 3204 1869 et
3230 1812 3467 1887 uterque
3493 1808 3702 1889 loquendi

2263 1905 2490 1969 modus
2507 1902 2699 1967 habet
2715 1902 3204 1966 fundamentum
3229 1899 3546 1962 inConciliis
3563 1910 3609 1963 et
3626 1923 3704 1965 usu

2263 1998 2580 2063 Ecclesiae.
2610 1998 2686 2061 Et
2712 1996 2854 2061 ideo
2885 1995 3058 2057 inter
3095 1993 3396 2075 sapientes
3431 2000 3566 2056 recte
3591 1996 3701 2075 loqui

2264 2110 2626 2173 possumuS‚
2658 2097 2726 2153 ut
2755 2091 2832 2155 D.
2859 2090 3140 2151 Thomas
3158 2087 3433 2167 loquitur,
3459 2088 3701 2169 imaginem

2266 2186 2492 2251 Christi
2520 2184 2766 2247 adorari
2793 2184 2998 2258 latria,
3031 2181 3184 2263 quia
3216 2180 3282 2241 in
3306 2199 3374 2243 re
3395 2180 3515 2261 ipsa
3552 2185 3701 2245 unicus

2272 2287 2368 2345 est
2397 2283 2576 2343 actus
2595 2278 2818 2353 laniae,
2847 2295 2974 2357 quo
2999 2275 3144 2357 ipsa
3180 2292 3322 2337 cnm
3350 2274 3623 2357 exemplari
3643 2295 3706 2338 co·

2270 2374 2452 2448 litur;
2485 2380 2550 2437 et
2577 2373 2727 2453 quia
2769 2373 2834 2434 in
2877 2371 3002 2433 hoc
3057 2366 3245 2433 modo
3268 2367 3528 2449 loquendi
3547 2370 3705 2429 nonsi-

2271 2468 2629 2551 gnificatur,
2659 2466 3100 2529 adorationem
3125 2462 3292 2525 illam
3323 2461 3526 2523 habere
3541 2462 3704 2540 perfec-

2270 2561 2507 2623 tionem
2535 2558 2731 2622 latrioe
2769 2575 2848 2621 ex
2873 2562 3178 2639 respectu
3209 2554 3290 2617 ad
3313 2554 3613 2635 imaginem,
3639 2562 3702 2615 aut

2269 2654 2338 2717 in
2357 2652 2636 2735 imagine
2668 2652 2907 2727 sistere,
2954 2656 3270 2731 qnatenus
3318 2664 3449 2709 vere
3467 2646 3604 2709 latria
3630 2656 3698 2721 est,

2271 2747 2448 2829 quod
2474 2746 2680 2809 solum
2703 2744 2961 2825 negavit
2975 2742 3319 2807 Concilium
3332 2756 3355 2821 3
3375 2740 3474 2803 scd
3489 2742 3698 2823 significa·

2269 2850 2372 2906 tur
2385 2841 2823 2905 adorationem
2837 2838 3044 2903 latriae
3063 2836 3380 2919 complecti
3391 2836 3696 2899 adorationem

2271 2935 2589 3017 imaginis,
2615 2933 2786 3016 quod
2813 2942 3038 2997 verum
3079 2938 3206 3009 est;
3233 2930 3384 2993 sicut
3403 2930 3622 3007 absolute
3639 2950 3701 2993 re-

2272 3048 2416 3093 rum
2443 3035 2534 3093 est
2555 3028 2778 3091 beatos
2801 3026 3017 3091 videre
3035 3030 3348 3089 creaturas
3363 3024 3560 3087 visione
3571 3023 3702 3085 beati-

2271 3122 2418 3199 fica,
2449 3122 2518 3187 in
2557 3140 2688 3203 quo
2731 3140 2864 3183 non
2897 3118 3286 3202 significatur
3309 3119 3462 3183 illam
3497 3118 3700 3179 visionem

2275 3234 2416 3281 esse
2446 3216 2804 3281 beatificam
2823 3234 2902 3279 ex
2931 3214 3302 3279 habitudine
3349 3212 3424 3275 ad
3461 3219 3699 3293 creaturas,

2275 3310 2390 3375 sed
2407 3310 2610 3373 solum
2631 3309 2938 3372 visionem
2955 3309 3166 3389 ipsam
3192 3306 3507 3371 beatificam
3521 3306 3582 3367 ad
3595 3323 3700 3365 crea-

2273 3411 2452 3467 turas
2473 3403 2748 3467 extendi.
2773 3402 2974 3477 Unde,
2995 3421 3146 3465 cum
3165 3401 3454 3465 exclusive
3467 3400 3701 3461 diciturse-

2272 3499 2375 3561 lus
2388 3499 2552 3563 Deus
2567 3496 2816 3561 adorari
2831 3497 3043 3573 latria,
3063 3503 3302 3559 tantum
3329 3495 3610 3559 excluditur
3627 3493 3700 3553 alia

2275 3608 2572 3675 persona,
2603 3590 2683 3654 ad
2716 3607 2910 3672 quam
2961 3590 3164 3672 possit
3207 3608 3318 3670 per
3371 3606 3432 3654 se
3469 3588 3620 3669 primo
3639 3586 3702 3645 illa
3764 3594 3765 3683 t

2277 3684 2562 3747 adoratio
2617 3682 2940 3747 terminari
2949 3698 2973 3763 3
3023 3701 3158 3747 non
3215 3700 3354 3745 vero
3401 3681 3704 3745 excluduntur

2279 3778 2792 3853 concomitantia;
2827 3777 2992 3839 sicut
3047 3794 3194 3841 cum
3231 3775 3388 3839 solus
3425 3792 3520 3837 rex
3557 3772 3702 3845 dicitur

2277 3871 2528 3935 adorari
2566 3871 2806 3935 honore
2833 3869 3036 3952 regio,
3069 3888 3198 3935 non
3223 3868 3595 3945 ‚excluduntur
3611 3884 3703 3946 pur·

2274 3984 2458 4045 pura,
2499 3971 2564 4027 et
2582 3964 2706 4027 alia
2729 3982 2870 4043 quae
2892 3962 3223 4027 coadorari
3267 3963 3479 4035 solent3
3506 3960 3574 4023 sic
3605 3975 3702 4037 ergo

2275 4060 2344 4123 in
2371 4058 2663 4139 praesenti
2705 4075 2836 4121 non
2867 4057 3221 4121 excluditur
3245 4058 3435 4137 imago
3473 4072 3578 4136 quie
3610 4068 3703 4113 cum

2275 4171 2392 4214 suo
2421 4151 2768 4231 exemplari
2813 4151 3194 4217 coadoratur
3205 4168 3229 4230 3
3255 4168 3390 4215 nam
3433 4166 3604 4213 revera
3623 4146 3703 4205 usi·

2269 4244 2616 4309 tutissimus
2639 4242 2868 4307 modus
2883 4244 3058 4307 illam
3098 4243 3408 4321 adorandi,
3443 4238 3698 4321 hujusmodi

2275 4344 2396 4416 eet,
2427 4337 2558 4419 qui,
2576 4338 2867 4418 quamvis
2895 4338 3282 4421 aTheologis
3307 4336 3562 4401 subtiliter
3577 4331 3700 4410 expli·

2277 4438 2478 4507 cetur,
2505 4450 2548 4493 a
2577 4432 2723 4494 rudi
2745 4440 2962 4495 tamen
2985 4436 3048 4497 et
3075 4432 3322 4495 indocta
3361 4428 3516 4511 plebe
3537 4424 3697 4489 facilius
3761 4454 3763 4471 ι

2280 4530 2632 4589 exercetur.
2663 4524 2744 4588 At
2771 4544 2920 4589 vero
2959 4543 3074 4606 pro
3121 4525 3404 4589 concione
3427 4522 3496 4585 ad
3532 4518 3696 4601 plebem
3762 4516 3763 4553 ³

2279 4626 2527 4701 oportet
2553 4620 2910 4683 cautissime
2965 4626 3030 4683 et
3079 4618 3460 4683 disertissime
3495 4613 3636 4693 loquio
3654 4614 3692 4669 ¹1²

2277 4715 2486 4777 omnis
2525 4714 2754 4777 erroris
2783 4719 2846 4776 et
2890 4713 3254 4777 idololatriae
3279 4712 3492 4777 occasio
3513 4710 3688 4777 vilelmi

2279 4815 2342 4871 et
2387 4808 2529 4870 ideo
2573 4806 2722 4871 satis
2761 4808 2882 4869 erit
2907 4807 3134 4871 docere
3171 4808 3464 4889 populum,
3486 4799 3690 4879 imagines

2271 4918 2400 4962 non
2446 4906 2703 4982 propter
2731 4919 2821 4975 se,
2859 4902 2974 4963 sed
3025 4908 3278 4983 propter
3315 4914 3564 4981 personas
3593 4906 3691 4968 ‘lm

2272 4999 2757 5073 repraesentant,
2791 4994 2860 5055 in
2903 4996 3146 5059 honore
3193 4993 3414 5069 haberi,
3439 4995 3492 5055 et
3527 4989 3574 5050 in
3595 4983 3687 5064 ipsis

2274 5085 2662 5167 imaginibus
2711 5105 3018 5167 personas
3060 5089 3228 5170 ipsas
3281 5086 3516 5159 adorari,
3531 5079 3685 5153 &¹1⁰⁰

2279 5178 2590 5242 subtiliori
2619 5180 3029 5245 discussione.

2359 5276 2458 5337 18.
2485 5274 2616 5337 Hic
2639 5292 2765 5340 em
2781 5281 2999 5341 auctor
3016 5276 3086 5343 ab
3107 5276 3406 5357 objectione
3421 5268 3684 5339 ves-dimi·-

2277 5368 2540 5449 Propter
2585 5367 2718 5433 haec
2752 5368 2968 5446 verba,
3009 5377 3073 5436 et
3121 5372 3278 5433 hanc
3316 5362 3680 5450 responsionem,

2275 5460 2559 5527 attribuit
2581 5462 2734 5527 mihi
2753 5464 3008 5544 quidam
3029 5466 3350 5529 modernus
3375 5465 3560 5532 auctor,
3571 5445 3679 5533 <1⁸⁰⁶
