3892 6167
651 308 769 371 626
784 308 792 315 “

650 418 1093 495 argumentum
1119 410 1257 473 fieri
1276 412 1575 493 potestde
1600 410 1773 473 cultu
1793 410 2119 489 orationiS,
2142 416 2207 473 et

650 506 979 568 similibus.
1026 502 1464 584 Respondetur
1506 505 1797 587 negando
1856 505 2203 586 sequelam,

651 620 823 676 nam,
857 607 927 663 ut
964 600 1127 662 sumi
1163 602 1370 679 potest
1398 616 1475 661 ex
1512 599 1795 663 doctrina
1824 598 2016 674 Scoti,
2049 599 2113 659 in
2142 600 2204 677 3,

652 692 797 757 dist.
824 696 888 770 9,
920 692 958 775 ἓ
984 692 1123 767 ult.,
1151 696 1298 753 sunt
1320 691 1575 771 quidam
1602 699 1799 771 actus,
1819 693 1925 775 qui
1953 692 2209 775 praecise

650 786 998 869 respiciunt
1040 804 1377 869 personam
1428 786 1909 869 intelligentem,
1942 791 2011 849 ut
2064 786 2208 848 talis

654 886 771 959 cst,
816 899 933 965 per
990 898 1151 961 quos
1206 880 1411 943 solum
1466 880 1755 969 coluntur
1798 898 2084 961 personas
2125 878 2206 943 ad

655 992 812 1055 quas
858 974 1233 1056 diriguntur,
1262 993 1391 1037 non
1438 982 1651 1037 autem
1696 975 2030 1055 imagineS,
2083 994 2204 1039 nec

650 1076 881 1146 vesteS,
907 1086 1027 1131 nec
1069 1068 1313 1131 similia.
1346 1068 1503 1131 Hinc
1531 1069 1966 1133 Tridentinum
1995 1067 2209 1133 Conci-

646 1162 825 1238 lium,
854 1180 978 1225 ses.
1002 1164 1101 1237 25,
1121 1180 1266 1225 cum
1294 1160 1552 1225 dixisset
1569 1161 1880 1243 imagines
1896 1179 2036 1227 esse
2061 1162 2208 1225 ado·

652 1257 909 1331 tantiae,
942 1254 1263 1335 adjunxit:
1293 1256 1441 1322 Non
1467 1256 1627 1337 quod
1644 1256 1715 1321 ab
1740 1256 1825 1321 eis
1861 1256 1950 1321 sit
1971 1255 2212 1339 aliquid

644 1352 983 1435 petendum,
1010 1350 1101 1414 vel
1135 1350 1293 1432 quod
1328 1350 1556 1431 fiducia
1606 1351 1675 1413 in
1709 1350 2082 1434 imayinibus
2118 1352 2207 1415 eit

643 1444 907 1525 fiaenda,
937 1461 1087 1505 nam
1114 1442 1329 1523 petitio
1372 1447 1435 1505 et
1490 1442 1723 1505 fiducia
1768 1449 1916 1506 sunt
1953 1462 2031 1507 ex
2079 1442 2204 1507 illis

648 1539 891 1601 actibus
916 1537 1024 1620 qui
1059 1537 1321 1619 proecise
1346 1538 1686 1617 respiciunt
1729 1556 2068 1621 personam
2108 1538 2204 1601 in-

647 1632 1057 1713 telligentem.
1086 1630 1295 1711 Unde,
1322 1632 1376 1694 si
1424 1630 1764 1713 aliquando
1819 1632 2070 1695 videtur
2118 1630 2203 1697 ad

648 1725 995 1809 imaginem
1038 1723 1221 1787 fundi
1250 1726 1473 1801 oratio,
1499 1726 1661 1789 utin
1690 1724 1811 1787 illis
1854 1726 2063 1789 verbis
2091 1724 2203 1791 Ee·

649 1821 859 1883 etesiae
883 1837 900 1883 ε
928 1820 978 1885 O
1008 1820 1206 1898 Crux,
1239 1838 1374 1903 spes
1412 1820 1621 1897 unica,
1652 1838 1806 1901 augo
1836 1820 1969 1901 piis
2011 1820 2206 1901 justi-

649 1914 825 1992 tiam,
856 1920 1003 1990 etc„
1024 1914 1332 1994 figuratus
1358 1921 1454 1977 est
1478 1932 1878 1988 sermo,uam
1909 1915 2108 1975 oratio
2136 1914 2207 1975 fit

648 2008 729 2071 ad
759 2006 1158 2085 crucifixum,
1192 2006 1303 2087 qui
1331 2006 1587 2069 nomine
1626 2008 1826 2071 crucis
1854 2006 2202 2085 invocatur,

644 2100 1065 2183 metonymice
1112 2100 1497 2164 nominando
1528 2102 1865 2166 continens
1912 2120 2026 2183 pro
2061 2120 2208 2165 con·

648 2200 855 2269 tento;
887 2213 1013 2277 quo
1044 2195 1234 2259 etiam
1271 2194 1343 2257 fit
1382 2202 1449 2259 ut
1488 2196 1675 2257 simul
1724 2194 1951 2277 aliquis
1999 2198 2206 2261 honor

644 2290 767 2371 ipsi
817 2290 987 2353 cruci
1014 2287 1352 2364 tribuatur;
1400 2306 1549 2351 nam
1586 2286 1733 2353 licet
1766 2288 1989 2368 oratic,
2014 2298 2084 2353 ut
2109 2296 2205 2355 est

645 2384 1153 2466 petitio,proprie
1184 2388 1247 2445 et
1276 2400 1422 2445 vere
1440 2401 1571 2445 non
1598 2383 1713 2446 fiat
1739 2384 1856 2447 nisi
1885 2383 1968 2447 ad
1994 2400 2203 2448 exem·-

643 2477 807 2558 plar,
830 2485 1069 2552 tamen,
1090 2482 1160 2539 ut
1191 2483 1287 2539 est
1310 2474 1513 2539 honor
1530 2477 1812 2557 quidam,
1845 2485 2051 2559 potest
2069 2477 2204 2541 tali-

644 2571 763 2634 bus
790 2570 1002 2633 verbis
1027 2570 1129 2632 vel
1156 2570 1350 2651 signis
1390 2568 1527 2632 ficri
1563 2588 1775 2635 coram
1806 2570 2018 2651 aliqua
2041 2570 2204 2634 ima-

644 2664 815 2745 gine,
851 2671 921 2726 ut
954 2664 1139 2726 simul
1184 2663 1571 2743 intelligatur
1599 2664 1811 2744 imago
1854 2663 2195 2739 honorari3

644 2758 853 2821 cultus
881 2758 1051 2820 enim
1078 2756 1180 2820 vel
1216 2756 1500 2819 adoratio
1541 2757 1729 2820 latius
1775 2763 1971 2838 patet,
2004 2764 2068 2821 et
2095 2776 2202 2821 ex-

642 2850 923 2915 tenditur
952 2850 1035 2913 ad
1090 2867 1345 2913 omnem
1372 2868 1534 2927 rem,
1577 2850 1681 2914 cui
1722 2853 1912 2914 homo
1941 2869 2202 2915 venera·

640 2945 879 3007 tionem
922 2944 1201 3024 aliquam
1266 2942 1544 3006 exhibet.
1604 2942 1783 3017 Quod
1846 2944 2202 3009 declaratur

642 3038 955 3118 exemplo,
986 3056 1137 3099 nam
1162 3052 1307 3099 cum
1338 3036 1565 3119 aliquis
1598 3037 1908 3101 accedens
1930 3038 2011 3101 ad
2039 3042 2201 3103 Pon-

640 3130 897 3205 tificem,
915 3148 1125 3213 genua
1149 3132 1431 3208 flectens,
1458 3138 1519 3195 et
1538 3131 1767 3213 pedem
1796 3132 2194 3208 deosculans,

642 3224 800 3307 petit
826 3222 1089 3306 aliquid,
1113 3224 1330 3304 petitio
1360 3224 1443 3287 ad
1472 3224 1671 3288 solam
1722 3242 2062 3305 personam
2104 3226 2198 3289 di-

638 3318 879 3400 rigitur,
917 3317 1196 3381 adoratio
1213 3334 1361 3380 vero
1394 3318 1581 3381 etiam
1608 3316 1690 3381 ad
1714 3324 1954 3381 vestem
1985 3326 2049 3383 et
2075 3318 2198 3383 cal-

640 3428 823 3473 ceum
843 3409 1156 3474 Pontificis
1178 3409 1784 3492 terminatur.Atque
1808 3411 2039 3475 eodem
2061 3431 2198 3475 mo·

638 3504 721 3568 do
748 3504 1137 3584 loquendum
1160 3503 1349 3567 estde
1370 3504 1699 3579 sacrifici03
1731 3504 2002 3569 refertur
2027 3508 2195 3569 enim

639 3600 719 3663 ad
743 3601 1021 3663 divinam
1048 3617 1388 3681 personam
1423 3600 1489 3661 in
1535 3601 2034 3681 recognitionem
2095 3620 2194 3665 su-

636 3694 841 3775 premi
858 3694 1142 3770 dominii,
1174 3700 1237 3757 et
1260 3692 1413 3760 ideo
1444 3694 1818 3757 sacrificium
1846 3699 1917 3757 ut
1946 3696 2035 3758 sic
2063 3712 2192 3757 non

635 3793 845 3871 potest
868 3806 1013 3851 cum
1032 3787 1415 3869 imaginibus
1446 3788 1923 3867 communicari,
1946 3795 2014 3851 ut
2044 3806 2194 3851 con·

634 3888 734 3945 tra
763 3884 1071 3964 quosdam
1118 3882 1409 3963 antiquos
1466 3881 1795 3945 haereticos
1840 3881 2195 3946 docuerunt

636 3977 1043 4056 1ren.,lib.1,
1074 3994 1131 4041 c.
1154 3979 1269 4052 243
1302 3974 1712 4058 Epiph.,haer.
1745 3978 1849 4053 27,
1872 3979 1952 4041 29
1983 3983 2046 4039 et
2075 3980 2154 4041 79
2170 3992 2192 4058 3

634 4072 927 4153 August„
952 4070 1105 4135 haer.
1138 4073 1197 4132 ’1.
1239 4072 1379 4135 Non
1406 4076 1717 4153 repugnat
1743 4076 1958 4135 autem
1986 4078 2056 4135 ut
2085 4091 2196 4135 sc-

635 4166 841 4230 tiones
858 4170 919 4229 et
938 4164 1345 4242 caeremoniae,
1370 4166 1687 4246 quoeinter
1710 4164 2193 4229 sacrificandum

634 4260 819 4337 fiunt,
848 4260 913 4321 in
966 4258 1311 4339 imaginum
1340 4256 1699 4320 redundent
1709 4272 1730 4336 3
1760 4259 1843 4324 ad
1872 4270 2020 4323 eum
2061 4278 2194 4323 mo·

636 4352 789 4415 dum
838 4370 966 4431 quo
1012 4350 1075 4413 in
1105 4352 1212 4413 vn
1240 4349 1519 4431 Synodo,
1554 4352 1677 4413 act.
1703 4354 1765 4428 7,
1792 4352 2044 4431 dicitur,
2059 4372 2191 4416 me-

626 4447 749 4509 rito
770 4464 889 4510 nos
906 4443 1327 4509 oblationibus
1352 4442 1677 4507 suffituum
1698 4450 1761 4509 et
1780 4444 2186 4509 luminarium

625 4540 709 4603 ad
748 4539 1054 4621 imagines
1081 4542 1442 4603 reverenter
1478 4537 1803 4602 accedere.

1239 4724 1456 4781 senno
1488 4726 1547 4780 V.

630 4858 815 4915 Utrum
851 4858 1033 4928 ιἠιαρο
1073 4854 1301 4913 adorari
1320 4857 1518 4995 pos{it,
1531 4940 1544 4951 ι
1565 4870 1671 4913 non
1699 4856 1929 4915 adorato
1967 4852 2180 4915 directe

1232 4954 1427 5013 exemp
1452 4955 1561 4996 art.

696 5114 755 5173 1.
801 5108 1227 5191 supponimus
1254 5107 1346 5186 id,
1376 5104 1549 5187 quod
1576 5111 1674 5169 est
1707 5105 1873 5169 inter
1907 5100 2177 5171 Catholi-

614 5221 723 5267 cos
750 5210 994 5267 certum
1020 5206 1083 5267 et
1110 5208 1289 5263 extra
1312 5200 1832 5278 controversiam,
1864 5199 2176 5281 imagines

612 5309 741 5362 non
770 5312 958 5378 posse
980 5294 1231 5359 adorari
1249 5340 1271 5372 ,
1300 5294 1421 5357 nisi
1446 5298 1704 5376 propter
1740 5292 2175 5357 excellentiam

610 5391 984 5473 exemplaris
1005 5413 1021 5465 ;
1050 5406 1197 5452 nam
1220 5389 1282 5450 in
1310 5388 1402 5453 eis
1427 5388 1584 5453 nihil
1605 5393 1701 5453 est
1724 5394 1980 5471 propter
2003 5388 2176 5469 quod

614 5491 761 5569 ipsae
780 5486 901 5549 sint
919 5480 1285 5547 adoratione
1303 5482 1540 5563 dignae3
1572 5488 1633 5547 et
1652 5482 1771 5545 hoc
1802 5482 2179 5563 significavit

1866 312 2100 376 QUAEST.
2135 311 2286 365 XXV.
2320 310 2522 365 ARTlc.
2553 313 2636 365 111.

2287 410 2630 472 Concilium
2659 409 3112 485 Tridentinum,
3157 430 3317 493 cum,
3345 436 3502 501 agens
3524 431 3580 493 de
3601 440 3693 503 ado.

2288 505 2504 567 randis
2549 504 2952 585 imaginibus,
2987 504 3172 569 dixit:
3198 505 3331 574 Non
3353 520 3482 593 quoa
3505 528 3694 597 cmm,

2289 600 2484 662 inesse
2510 596 2718 679 aliqua
2739 598 2809 660 in
2830 598 2915 662 iis
2939 598 3247 675 divinitas,
3266 602 3350 666 vel
3363 606 3522 675 virtus
3535 634 3694 701 propt„

2289 710 2472 773 quam
2511 693 2638 755 rinc
2679 692 2952 755 colendoe.
3003 690 3158 765 Quia
3182 709 3320 758 vero
3345 698 3547 767 duobus
3568 718 3694 781 modi,

2289 784 2554 865 intelligi
2591 789 2799 865 potest
2839 785 3154 867 exemplar
3183 805 3312 851 esse
3347 794 3589 863 rationem
3607 810 3696 874 ado.

2286 879 2470 940 randi
2516 878 2892 961 imaginem,
2925 898 3052 941 uno
3081 882 3262 943 modo
3285 928 3300 959 ,
3342 888 3586 969 tanquam
3615 918 3696 966 rem

2283 992 2398 1055 per
2449 992 2516 1036 se
2567 974 2770 1054 primo
2817 973 3138 1035 adoratam
3186 974 3402 1041 illamet
3443 983 3699 1061 adoratione

2288 1085 2414 1148 qua
2443 1067 2741 1129 adoratur
2774 1068 3002 1148 image,
3044 1086 3155 1129 seu
3183 1068 3282 1151 (ut
3315 1072 3421 1135 dici
3445 1077 3598 1161 solet)
3619 1090 3701 1151 tan.

2288 1180 2480 1240 quam
2503 1161 2871 1247 primarium
2915 1162 3224 1241 objectum
3253 1166 3422 1244 quod,
3449 1188 3591 1249 quem
3619 1197 3701 1243 mo-

2285 1252 2438 1315 dum
2474 1253 2857 1316 adorationis
2897 1256 3200 1317 hactenus
3237 1262 3597 1345 tractavimus;
3624 1274 3699 1337 alio

2286 1347 2474 1409 modo
2521 1354 2768 1410 tantum
2807 1355 2875 1410 ut
2915 1348 3222 1411 rationem
3251 1350 3534 1435 adorandi,
3555 1378 3631 1424 sen
3660 1376 3699 1429 ut

2287 1442 2601 1523 objectum
2649 1457 2810 1521 quo,
2842 1447 2908 1503 et
2946 1460 3078 1505 non
3105 1448 3174 1505 ut
3215 1460 3339 1507 rem
3365 1448 3629 1517 formaliter
3655 1480 3699 1520 an

2285 1534 2521 1599 directe
2562 1535 2928 1611 adoratam;
2976 1533 3118 1599 ideo
3167 1556 3328 1599 nunc
3347 1540 3636 1621 inquirimus
3654 1572 3698 1615 an

2283 1630 2386 1691 hic
2415 1629 2640 1691 modus
2665 1628 3076 1705 adorationis,
3108 1630 3214 1711 qui
3241 1636 3536 1715 excogitari
3557 1650 3700 1721 potest,

2284 1723 2481 1804 possit
2513 1724 2700 1785 etiam
2723 1723 2887 1786 licite
2918 1730 2982 1786 et
3007 1723 3267 1787 honeste
3296 1732 3549 1794 exerceri.

2366 1820 2427 1881 2.
2479 1815 2694 1880 Prima
2725 1818 3130 1882 sententia.-
3148 1817 3340 1881 Prima
3365 1828 3610 1889 sententia
3630 1838 3701 1897 est.

2287 1912 2456 1973 hunc
2480 1911 2866 1972 adorationis
2893 1911 3154 1972 modum
3183 1930 3310 1975 esse
3333 1920 3702 1995 superstitiosum

2289 2012 2352 2069 et
2401 2004 2705 2069 illicitum.
2749 2006 2950 2077 Quam
2990 2006 3109 2067 sub
3155 2006 3250 2067 his
3277 2011 3519 2072 terminis
3541 2020 3704 2079 nonin·

2291 2100 2468 2163 venio
2499 2101 2670 2181 apud
2707 2102 2994 2179 antiquos
3035 2101 3400 2184 Theologos,
3437 2119 3702 2174 necesseta-

2283 2212 2433 2255 men
2481 2200 2577 2257 est
2602 2199 2674 2256 ut
2700 2195 2788 2256 ita
2817 2194 3157 2274 opinentur
3191 2210 3394 2259 omnes
3421 2198 3522 2276 illi,
3547 2204 3623 2281 qui
3639 2224 3701 2267 ne·

2285 2292 2438 2369 gant
2487 2288 2796 2369 imagines
2841 2288 3098 2369 proprie
3151 2290 3400 2369 adorari,
3437 2292 3700 2360 etiamnum

2283 2390 2618 2465 prototypo
2645 2428 2662 2459 ,
2695 2383 2808 2446 sed
2847 2386 3095 2445 tantum
3125 2384 3398 2464 abusive,
3441 2388 3518 2450 vel
3556 2390 3701 2470 impre

2283 2480 2441 2561 prie,
2475 2496 2588 2540 seu
2612 2477 3134 2551 rememorative3
3165 2496 3325 2554 nam,
3365 2496 3486 2542 cum
3522 2482 3700 2547 inficien-

2283 2577 2387 2633 tur
2419 2572 2851 2635 adorationem
2881 2588 3071 2653 posse
3122 2572 3424 2635 terminari
3467 2573 3531 2635 ad
3565 2577 3700 2656 imagi·

2283 2684 2432 2728 nem
2461 2666 2525 2727 iu
2550 2682 2618 2727 se
2643 2668 2658 2726 i
2665 2683 2866 2745 psam,
2885 2673 3290 2746 asserantque
3309 2667 3485 2729 solum
3507 2664 3592 2730 diei
3610 2670 3695 2731 arlo-

2283 2759 2432 2834 rari,
2467 2757 2616 2839 quia
2645 2776 2858 2822 coram
2891 2759 3001 2821 illa
3035 2759 3136 2821 vel
3162 2760 3317 2821 circa
3339 2760 3486 2821 illam
3509 2764 3692 2825 adoratur

2283 2854 2627 2933 exemplar,
2659 2860 2730 2915 ut
2761 2852 3020 2930 unicum
3051 2854 3356 2934 obiectum
3392 2856 3531 2935 quod
3561 2856 3696 2919 adora-

2281 2952 2405 3021 tur,
2437 2964 2833 3027 consequens
2861 2954 2958 3011 est
3002 2954 3075 3011 ut
3093 2994 3109 3025 ,
3155 2954 3414 3011 cessante
3437 2950 3532 3012 hac
3553 2950 3696 3012 directa

2281 3039 2650 3103 adoratione
2706 3042 3111 3123 exemplaris„
3143 3042 3308 3104 nulla
3342 3044 3503 3123 possit
3532 3062 3695 3105 manere

2278 3132 2572 3215 imaginis
2621 3134 2929 3211 adoratio,
2977 3154 3124 3198 cum
3165 3136 3292 3217 jam
3336 3154 3439 3198 nec
3471 3154 3582 3197 vera
3615 3156 3694 3198 esse

2278 3227 2499 3307 possit,
2533 3244 2739 3308 neque
2786 3226 3072 3291 abusiva.
3107 3230 3234 3291 Hac
3278 3247 3412 3309 ergo
3435 3230 3613 3290 ratione
3633 3230 3695 3290 tsi·

2275 3320 2384 3383 bui
2415 3328 2621 3402 potest
2664 3321 2798 3385 haec
2845 3324 3060 3403 opinio
3090 3322 3366 3399 Holkoth,
3398 3324 3692 3396 Durando‚et

2277 3415 2421 3479 Pico
2467 3416 2800 3480 Mirandul.
2831 3416 3034 3480 Simili
3067 3416 3252 3479 modo
3277 3418 3508 3492 Platina,
3547 3422 3592 3477 et
3617 3414 3693 3491 alii,

2275 3511 2388 3591 qui
2417 3509 2666 3591 fingunt
2693 3510 2893 3573 solam
2925 3517 3250 3574 externam
3275 3510 3535 3573 actionem
3555 3510 3695 3570 adora·

2277 3603 2466 3667 tionis
2505 3604 2742 3666 versari
2773 3604 2938 3666 circa
2985 3605 3344 3685 imaginem,
3381 3622 3488 3663 non
3513 3602 3695 3663 veroin·

2275 3698 2620 3761 tentionem
2661 3696 2867 3761 cultus
2908 3702 2970 3761 et
2999 3696 3399 3773 adorationis,
3423 3712 3617 3757 necesse
3635 3699 3694 3755 est

2275 3791 2564 3866 doceant,
2595 3808 2726 3853 non
2761 3790 3068 3853 existente
3099 3790 3202 3852 tali
3228 3789 3529 3852 intentione
3549 3787 3693 3847 adora-

2276 3884 2464 3947 tionis
2485 3883 2649 3947 circa
2671 3884 3016 3965 exemplar,
3045 3901 3175 3947 non
3198 3900 3364 3967 posse
3383 3880 3692 3945 adorationem

2275 3979 2441 4043 circa
2472 3976 2811 4059 imaginem
2857 3979 3162 4057 exerceri,
3211 3976 3412 4041 saltem
3435 3976 3632 4037 honesto
3657 3978 3695 4033 et

2273 4070 2629 4135 rationabili
2665 4068 2875 4136 mode.
2917 4072 3104 4149 Nam,
3133 4072 3186 4135 si
3210 4070 3482 4153 fingamus
3510 4069 3693 4147 aliquem

2275 4164 2623 4228 deosculari
2653 4162 2995 4247 imaginem
3027 4168 3264 4247 absque
3289 4164 3402 4227 ulla
3424 4178 3614 4246 prorsus
3637 4160 3693 4221 in·

2275 4259 2554 4323 tentione
2595 4259 2800 4323 cultus
2827 4304 2844 4335 ,
2876 4266 3006 4324 tam
3037 4258 3390 4341 exemplaris
3429 4274 3575 4337 quam
3593 4254 3691 4315 ima·

2271 4353 2456 4433 ginis,
2501 4360 2746 4417 tantum
2799 4372 2874 4417 ex
2922 4353 3186 4438 simplici
3227 4354 3431 4416 affectu
3465 4342 3688 4410 osculandi

2267 4448 2367 4510 vel
2397 4447 2887 4529 genuflectendi,
2918 4446 3021 4511 vix
3063 4454 3262 4530 potest
3302 4446 3426 4507 talis
3465 4442 3585 4504 actio
3615 4438 3688 4499 hu-

2267 4560 2458 4604 manu
2505 4542 2772 4619 censeri,
2815 4548 2948 4620 aut,
2981 4541 3035 4607 si
3065 4542 3331 4606 humana
3355 4539 3443 4615 sit,
3465 4536 3554 4599 erit
3583 4547 3686 4595 vana

2266 4640 2328 4697 et
2361 4636 2583 4712 otiosa,
2615 4636 2734 4699 nisi
2764 4636 2842 4700 sit
2872 4636 3063 4701 etiam
3085 4636 3228 4701 ficta
3255 4640 3312 4699 et
3329 4634 3486 4696 fallax
3499 4646 3518 4708 ;
3538 4630 3574 4691 si
3589 4642 3684 4689 vem

2262 4728 2328 4791 id
2354 4728 2465 4793 flat
2489 4746 2569 4792 ex
2609 4728 2956 4793 intentione
2997 4731 3197 4795 cultus
3237 4728 3384 4793 circa
3422 4722 3682 4802 imaginem,

2260 4828 2572 4904 repugnat
2589 4823 2773 4905 juxta
2799 4820 2968 4887 hanc
3014 4824 3370 4889 sententiam
3392 4822 3540 4881 rectas
3561 4812 3681 4873 ratio-

2260 4917 2350 4993 ni,
2393 4922 2456 4980 et
2484 4916 2568 4980 ita
2595 4922 2890 4979 censetur
2921 4916 3336 4999 superstitiosa
3359 4908 3597 4976 adoratio.
3615 4904 3680 4962 At-

2259 5026 2384 5091 que
2413 5010 2530 5073 hoc
2557 5008 2746 5071 modo
2770 5008 3116 5073 defendunt
3140 5008 3428 5073 mordicus
3451 5004 3572 5064 hanc
3592 5012 3674 5057 sen·

2258 5105 2514 5167 tentiam
2541 5103 2803 5183 quidam
2821 5102 3112 5168 moderni
3131 5100 3425 5181 Theologi,
3442 5098 3572 5158 tanta
3590 5104 3672 5148 ver·

2259 5198 2486 5261 borum
2515 5198 3002 5280 exaggeratione
3025 5246 3040 5275 ,
3073 5202 3286 5261 utnon
3319 5193 3490 5257 solum
3513 5198 3671 5263 supers-

2257 5294 2564 5368 titiosum,
2609 5290 2723 5355 sed
2767 5294 2960 5357 etiam
2987 5292 3236 5357 stultum
3264 5284 3530 5371 appellent
3548 5274 3670 5339 talem

2255 5387 2639 5451 adorationis
2667 5387 2952 5460 modum,
2985 5388 3046 5450 in
3072 5404 3194 5468 quo
3215 5378 3492 5448 rationalis
3509 5372 3671 5435 creatu-

2256 5494 2324 5544 re
2356 5493 2425 5544 se
2469 5482 2718 5563 subjicit
2758 5487 3060 5544 creatura
3106 5474 3443 5546 irrationali,
3473 5468 3670 5537 ffljusque
