<?xml version="1.0" encoding="UTF-8"?>
<!DOCTYPE html PUBLIC "-//W3C//DTD XHTML 1.0 Transitional//EN"
    "http://www.w3.org/TR/xhtml1/DTD/xhtml1-transitional.dtd">
<html xmlns="http://www.w3.org/1999/xhtml" xml:lang="en" lang="en">
 <head>
  <title>
</title>
<meta http-equiv="Content-Type" content="text/html;charset=utf-8" />
  <meta name='ocr-system' content='tesseract 3.04.00' />
  <meta name='ocr-capabilities' content='ocr_page ocr_carea ocr_par ocr_line ocrx_word'/>
</head>
<body>
  <div class='ocr_page' id='page_1' title='image "./rpfranciscisuar00unkngoog_0051.png"; bbox 0 0 3892 6167; ppageno 0'>
   <div class='ocr_carea' id='block_1_1' title="bbox 1315 383 2172 485">
    <p class='ocr_par' dir='ltr' id='par_1_1' title="bbox 1315 383 2172 485">
     <span class='ocr_line' id='line_1_1' title="bbox 1315 383 2172 485; baseline -0.004 -1"><span class='ocrx_word' id='word_1_1' title='bbox 1315 431 1642 485; x_wconf 71' lang='lat' dir='ltr'><strong>msvuTAT.</strong></span> <span class='ocrx_word' id='word_1_2' title='bbox 1673 383 1848 482; x_wconf 48' lang='lat' dir='ltr'><strong>xxtl.</strong></span> <span class='ocrx_word' id='word_1_3' title='bbox 1883 427 2052 482; x_wconf 72' lang='lat' dir='ltr'><strong>sssc&#39;r.</strong></span> <span class='ocrx_word' id='word_1_4' title='bbox 2091 430 2172 483; x_wconf 76' lang='lat' dir='ltr'><strong>lv.</strong></span> 
     </span>
    </p>
   </div>
   <div class='ocr_carea' id='block_1_2' title="bbox 109 525 1710 3972">
    <p class='ocr_par' dir='ltr' id='par_1_2' title="bbox 123 525 1706 890">
     <span class='ocr_line' id='line_1_2' title="bbox 127 525 1706 612; baseline -0.001 -20"><span class='ocrx_word' id='word_1_5' title='bbox 127 525 561 612; x_wconf 85' lang='lat' dir='ltr'><strong>prehendebat</strong></span> <span class='ocrx_word' id='word_1_6' title='bbox 591 531 797 612; x_wconf 77' lang='lat' dir='ltr'><strong>ipsam</strong></span> <span class='ocrx_word' id='word_1_7' title='bbox 825 553 842 606; x_wconf 91' lang='lat'>;</span> <span class='ocrx_word' id='word_1_8' title='bbox 889 549 1062 610; x_wconf 75' lang='lat' dir='ltr'><strong>ergo·</strong></span> <span class='ocrx_word' id='word_1_9' title='bbox 1093 529 1372 609; x_wconf 79' lang='lat' dir='ltr'><strong>Denique</strong></span> <span class='ocrx_word' id='word_1_10' title='bbox 1397 529 1706 591; x_wconf 80' lang='lat' dir='ltr'><strong>verisimi-</strong></span> 
     </span>
     <span class='ocr_line' id='line_1_3' title="bbox 124 623 1705 687; baseline 0.001 -3"><span class='ocrx_word' id='word_1_11' title='bbox 124 625 176 686; x_wconf 84' lang='lat' dir='ltr'><strong>le</strong></span> <span class='ocrx_word' id='word_1_12' title='bbox 205 630 301 685; x_wconf 90' lang='lat' dir='ltr'><strong>est</strong></span> <span class='ocrx_word' id='word_1_13' title='bbox 321 624 524 685; x_wconf 85' lang='lat' dir='ltr'><strong>etiam</strong></span> <span class='ocrx_word' id='word_1_14' title='bbox 555 625 718 686; x_wconf 87' lang='lat' dir='ltr'><strong>alios</strong></span> <span class='ocrx_word' id='word_1_15' title='bbox 744 623 972 685; x_wconf 84' lang='lat' dir='ltr'><strong>beatos</strong></span> <span class='ocrx_word' id='word_1_16' title='bbox 999 623 1210 684; x_wconf 81' lang='lat' dir='ltr'><strong>videre</strong></span> <span class='ocrx_word' id='word_1_17' title='bbox 1240 623 1574 684; x_wconf 84' lang='lat' dir='ltr'><strong>nonnullas</strong></span> <span class='ocrx_word' id='word_1_18' title='bbox 1602 641 1705 687; x_wconf 86' lang='lat' dir='ltr'><strong>res</strong></span> 
     </span>
     <span class='ocr_line' id='line_1_4' title="bbox 123 715 1704 799; baseline 0.001 -20"><span class='ocrx_word' id='word_1_19' title='bbox 123 717 458 799; x_wconf 84' lang='lat' dir='ltr'><strong>possibiles</strong></span> <span class='ocrx_word' id='word_1_20' title='bbox 490 735 639 798; x_wconf 75' lang='lat' dir='ltr'><strong>quae</strong></span> <span class='ocrx_word' id='word_1_21' title='bbox 661 735 994 797; x_wconf 82' lang='lat' dir='ltr'><strong>nunquam</strong></span> <span class='ocrx_word' id='word_1_22' title='bbox 1037 715 1210 790; x_wconf 83' lang='lat' dir='ltr'><strong>fient,</strong></span> <span class='ocrx_word' id='word_1_23' title='bbox 1252 723 1320 778; x_wconf 84' lang='lat' dir='ltr'><strong>ut</strong></span> <span class='ocrx_word' id='word_1_24' title='bbox 1350 723 1592 778; x_wconf 84' lang='lat' dir='ltr'><strong>constat</strong></span> <span class='ocrx_word' id='word_1_25' title='bbox 1627 737 1704 781; x_wconf 76' lang='lat' dir='ltr'><strong>ex</strong></span> 
     </span>
     <span class='ocr_line' id='line_1_5' title="bbox 127 813 529 890; baseline 0.002 -21"><span class='ocrx_word' id='word_1_26' title='bbox 127 815 148 870; x_wconf 85' lang='grc'><strong>1</strong></span> <span class='ocrx_word' id='word_1_27' title='bbox 197 829 288 890; x_wconf 88' lang='lat' dir='ltr'><strong>p.,</strong></span> <span class='ocrx_word' id='word_1_28' title='bbox 319 827 385 888; x_wconf 87' lang='lat' dir='ltr'><strong>q.</strong></span> <span class='ocrx_word' id='word_1_29' title='bbox 421 813 529 870; x_wconf 68' lang='lat'><strong>12.</strong></span> 
     </span>
    </p>

    <p class='ocr_par' dir='ltr' id='par_1_3' title="bbox 109 903 1708 2196">
     <span class='ocr_line' id='line_1_6' title="bbox 199 903 1706 984; baseline 0.001 -20"><span class='ocrx_word' id='word_1_30' title='bbox 199 905 300 964; x_wconf 67' lang='lat'><strong>32.</strong></span> <span class='ocrx_word' id='word_1_31' title='bbox 334 903 682 979; x_wconf 75' lang='lat' dir='ltr'><em>Responsio</em></span> <span class='ocrx_word' id='word_1_32' title='bbox 728 905 814 966; x_wconf 79' lang='lat' dir='ltr'><strong>ad</strong></span> <span class='ocrx_word' id='word_1_33' title='bbox 839 909 1212 984; x_wconf 65' lang='lat' dir='ltr'><strong>argumenta.</strong></span> <span class='ocrx_word' id='word_1_34' title='bbox 1243 937 1324 953; x_wconf 93' lang='lat'><strong>--</strong></span> <span class='ocrx_word' id='word_1_35' title='bbox 1345 905 1440 966; x_wconf 81' lang='lat' dir='ltr'><strong>Ad</strong></span> <span class='ocrx_word' id='word_1_36' title='bbox 1483 903 1706 966; x_wconf 80' lang='lat' dir='ltr'><strong>funda·</strong></span> 
     </span>
     <span class='ocr_line' id='line_1_7' title="bbox 125 995 1705 1078; baseline -0.001 -20"><span class='ocrx_word' id='word_1_37' title='bbox 125 1003 408 1058; x_wconf 83' lang='lat' dir='ltr'><strong>mentum</strong></span> <span class='ocrx_word' id='word_1_38' title='bbox 439 995 754 1076; x_wconf 77' lang='lat' dir='ltr'>Magistri,</span> <span class='ocrx_word' id='word_1_39' title='bbox 787 997 958 1075; x_wconf 88' lang='lat' dir='ltr'><strong>quod</strong></span> <span class='ocrx_word' id='word_1_40' title='bbox 1005 1015 1082 1060; x_wconf 85' lang='lat' dir='ltr'><strong>ex</strong></span> <span class='ocrx_word' id='word_1_41' title='bbox 1120 997 1499 1078; x_wconf 84' lang='lat' dir='ltr'><strong>quibusdam</strong></span> <span class='ocrx_word' id='word_1_42' title='bbox 1529 997 1705 1060; x_wconf 86' lang='grc'><strong>18811-</strong></span> 
     </span>
     <span class='ocr_line' id='line_1_8' title="bbox 129 1087 1706 1170; baseline 0.001 -21"><span class='ocrx_word' id='word_1_43' title='bbox 129 1087 352 1149; x_wconf 78' lang='lat' dir='ltr'>moniis</span> <span class='ocrx_word' id='word_1_44' title='bbox 372 1089 775 1164; x_wconf 73' lang='lat' dir='ltr'><strong>sumebatur,</strong></span> <span class='ocrx_word' id='word_1_45' title='bbox 793 1088 1130 1170; x_wconf 80' lang='lat' dir='ltr'>respondet</span> <span class='ocrx_word' id='word_1_46' title='bbox 1144 1091 1212 1149; x_wconf 90' lang='lat' dir='ltr'><strong>D.</strong></span> <span class='ocrx_word' id='word_1_47' title='bbox 1233 1091 1482 1165; x_wconf 88' lang='lat' dir='ltr'><strong>Thom.,</strong></span> <span class='ocrx_word' id='word_1_48' title='bbox 1499 1089 1706 1150; x_wconf 80' lang='lat' dir='ltr'><strong>Chris-</strong></span> 
     </span>
     <span class='ocr_line' id='line_1_9' title="bbox 125 1181 1703 1262; baseline 0 -19"><span class='ocrx_word' id='word_1_49' title='bbox 125 1189 254 1244; x_wconf 84' lang='lat' dir='ltr'><strong>tum</strong></span> <span class='ocrx_word' id='word_1_50' title='bbox 293 1181 678 1262; x_wconf 72' lang='lat' dir='ltr'><strong>cognovisse</strong></span> <span class='ocrx_word' id='word_1_51' title='bbox 706 1181 920 1242; x_wconf 88' lang='lat' dir='ltr'><strong>omnia</strong></span> <span class='ocrx_word' id='word_1_52' title='bbox 959 1199 1100 1261; x_wconf 72' lang='grc'><strong>8818</strong></span> <span class='ocrx_word' id='word_1_53' title='bbox 1130 1181 1366 1244; x_wconf 83' lang='lat' dir='ltr'><strong>habent</strong></span> <span class='ocrx_word' id='word_1_54' title='bbox 1395 1183 1703 1243; x_wconf 86' lang='lat' dir='ltr'><strong>rationem</strong></span> 
     </span>
     <span class='ocr_line' id='line_1_10' title="bbox 119 1273 1705 1356; baseline 0 -20"><span class='ocrx_word' id='word_1_55' title='bbox 119 1275 284 1336; x_wconf 88' lang='lat' dir='ltr'><strong>entis</strong></span> <span class='ocrx_word' id='word_1_56' title='bbox 314 1276 384 1334; x_wconf 89' lang='lat' dir='ltr'><strong>in</strong></span> <span class='ocrx_word' id='word_1_57' title='bbox 445 1275 662 1354; x_wconf 85' lang='lat' dir='ltr'><strong>aliqua</strong></span> <span class='ocrx_word' id='word_1_58' title='bbox 711 1273 1068 1336; x_wconf 79' lang='lat' dir='ltr'><strong>differentia</strong></span> <span class='ocrx_word' id='word_1_59' title='bbox 1103 1275 1430 1356; x_wconf 88' lang='lat' dir='ltr'><strong>temporis,</strong></span> <span class='ocrx_word' id='word_1_60' title='bbox 1457 1273 1536 1336; x_wconf 90' lang='lat' dir='ltr'><strong>de</strong></span> <span class='ocrx_word' id='word_1_61' title='bbox 1571 1274 1705 1353; x_wconf 88' lang='lat' dir='ltr'><strong>qui·</strong></span> 
     </span>
     <span class='ocr_line' id='line_1_11' title="bbox 115 1367 1708 1448; baseline 0 -20"><span class='ocrx_word' id='word_1_62' title='bbox 115 1367 242 1428; x_wconf 89' lang='lat' dir='ltr'><strong>bus</strong></span> <span class='ocrx_word' id='word_1_63' title='bbox 270 1368 344 1428; x_wconf 84' lang='lat' dir='ltr'><strong>fit</strong></span> <span class='ocrx_word' id='word_1_64' title='bbox 377 1367 638 1448; x_wconf 81' lang='lat' dir='ltr'><strong>proprie</strong></span> <span class='ocrx_word' id='word_1_65' title='bbox 669 1367 780 1428; x_wconf 90' lang='lat' dir='ltr'><strong>illa</strong></span> <span class='ocrx_word' id='word_1_66' title='bbox 800 1367 1177 1430; x_wconf 79' lang='lat' dir='ltr'>distributio.</span> <span class='ocrx_word' id='word_1_67' title='bbox 1212 1367 1337 1428; x_wconf 90' lang='lat' dir='ltr'><strong>Dici</strong></span> <span class='ocrx_word' id='word_1_68' title='bbox 1368 1367 1556 1430; x_wconf 83' lang='lat' dir='ltr'><strong>etiam</strong></span> <span class='ocrx_word' id='word_1_69' title='bbox 1589 1386 1708 1448; x_wconf 88' lang='lat' dir='ltr'><strong>po-</strong></span> 
     </span>
     <span class='ocr_line' id='line_1_12' title="bbox 119 1462 1704 1541; baseline 0 -17"><span class='ocrx_word' id='word_1_70' title='bbox 119 1465 268 1537; x_wconf 84' lang='lat' dir='ltr'><strong>test,</strong></span> <span class='ocrx_word' id='word_1_71' title='bbox 299 1463 370 1524; x_wconf 90' lang='lat' dir='ltr'><strong>in</strong></span> <span class='ocrx_word' id='word_1_72' title='bbox 397 1479 476 1524; x_wconf 91' lang='lat' dir='ltr'><strong>eo</strong></span> <span class='ocrx_word' id='word_1_73' title='bbox 513 1462 708 1525; x_wconf 84' lang='lat' dir='ltr'><strong>fuisse</strong></span> <span class='ocrx_word' id='word_1_74' title='bbox 749 1479 1004 1524; x_wconf 89' lang='lat' dir='ltr'><strong>omnem</strong></span> <span class='ocrx_word' id='word_1_75' title='bbox 1057 1463 1404 1536; x_wconf 84' lang='lat' dir='ltr'><strong>scientiam,</strong></span> <span class='ocrx_word' id='word_1_76' title='bbox 1436 1480 1576 1541; x_wconf 80' lang='grc'><strong>81188</strong></span> <span class='ocrx_word' id='word_1_77' title='bbox 1607 1481 1704 1524; x_wconf 87' lang='lat' dir='ltr'><strong>se-</strong></span> 
     </span>
     <span class='ocr_line' id='line_1_13' title="bbox 117 1555 1705 1636; baseline -0.003 -17"><span class='ocrx_word' id='word_1_78' title='bbox 117 1557 410 1619; x_wconf 89' lang='lat' dir='ltr'><strong>cundum</strong></span> <span class='ocrx_word' id='word_1_79' title='bbox 437 1557 789 1636; x_wconf 88' lang='lat' dir='ltr'><strong>potentiam</strong></span> <span class='ocrx_word' id='word_1_80' title='bbox 819 1555 1168 1619; x_wconf 89' lang='lat' dir='ltr'><strong>ordinatam</strong></span> <span class='ocrx_word' id='word_1_81' title='bbox 1199 1573 1236 1616; x_wconf 84' lang='grc'><strong>8</strong></span> <span class='ocrx_word' id='word_1_82' title='bbox 1273 1557 1397 1618; x_wconf 88' lang='lat' dir='ltr'><strong>Deo</strong></span> <span class='ocrx_word' id='word_1_83' title='bbox 1421 1572 1705 1616; x_wconf 87' lang='lat' dir='ltr'><strong>commu-</strong></span> 
     </span>
     <span class='ocr_line' id='line_1_14' title="bbox 115 1649 1704 1726; baseline -0.003 -14"><span class='ocrx_word' id='word_1_84' title='bbox 115 1651 384 1712; x_wconf 85' lang='lat' dir='ltr'><strong>nicatur</strong></span> <span class='ocrx_word' id='word_1_85' title='bbox 409 1651 602 1712; x_wconf 90' lang='lat' dir='ltr'><strong>alicui</strong></span> <span class='ocrx_word' id='word_1_86' title='bbox 629 1649 973 1713; x_wconf 85' lang='lat' dir='ltr'><strong>intellectui</strong></span> <span class='ocrx_word' id='word_1_87' title='bbox 1004 1657 1239 1726; x_wconf 89' lang='lat' dir='ltr'><strong>creato,</strong></span> <span class='ocrx_word' id='word_1_88' title='bbox 1262 1649 1418 1712; x_wconf 83' lang='lat' dir='ltr'><strong>sicut</strong></span> <span class='ocrx_word' id='word_1_89' title='bbox 1441 1649 1505 1710; x_wconf 90' lang='lat' dir='ltr'><strong>in</strong></span> <span class='ocrx_word' id='word_1_90' title='bbox 1533 1649 1704 1710; x_wconf 88' lang='lat' dir='ltr'><strong>simi-</strong></span> 
     </span>
     <span class='ocr_line' id='line_1_15' title="bbox 115 1743 1702 1825; baseline -0.001 -20"><span class='ocrx_word' id='word_1_91' title='bbox 115 1743 166 1806; x_wconf 87' lang='lat' dir='ltr'><strong>li</strong></span> <span class='ocrx_word' id='word_1_92' title='bbox 195 1763 400 1824; x_wconf 83' lang='lat' dir='ltr'><strong>supra</strong></span> <span class='ocrx_word' id='word_1_93' title='bbox 417 1744 502 1806; x_wconf 87' lang='lat' dir='ltr'><strong>de</strong></span> <span class='ocrx_word' id='word_1_94' title='bbox 517 1743 717 1825; x_wconf 83' lang='lat' dir='ltr'><strong>gratia</strong></span> <span class='ocrx_word' id='word_1_95' title='bbox 747 1744 984 1805; x_wconf 83' lang='lat' dir='ltr'><strong>dictum</strong></span> <span class='ocrx_word' id='word_1_96' title='bbox 1008 1751 1130 1816; x_wconf 80' lang='lat' dir='ltr'><strong>est3</strong></span> <span class='ocrx_word' id='word_1_97' title='bbox 1157 1749 1220 1806; x_wconf 90' lang='lat' dir='ltr'><strong>et</strong></span> <span class='ocrx_word' id='word_1_98' title='bbox 1239 1743 1356 1804; x_wconf 90' lang='lat' dir='ltr'><strong>hoc</strong></span> <span class='ocrx_word' id='word_1_99' title='bbox 1382 1743 1532 1804; x_wconf 83' lang='lat' dir='ltr'><strong>satis</strong></span> <span class='ocrx_word' id='word_1_100' title='bbox 1563 1759 1702 1804; x_wconf 89' lang='lat' dir='ltr'><strong>esse</strong></span> 
     </span>
     <span class='ocr_line' id='line_1_16' title="bbox 119 1835 1706 1914; baseline -0.001 -17"><span class='ocrx_word' id='word_1_101' title='bbox 119 1843 192 1898; x_wconf 85' lang='lat' dir='ltr'><strong>ut</strong></span> <span class='ocrx_word' id='word_1_102' title='bbox 232 1837 488 1898; x_wconf 86' lang='lat' dir='ltr'><strong>dicatur</strong></span> <span class='ocrx_word' id='word_1_103' title='bbox 537 1835 772 1898; x_wconf 82' lang='lat' dir='ltr'><strong>habere</strong></span> <span class='ocrx_word' id='word_1_104' title='bbox 805 1853 1002 1899; x_wconf 77' lang='lat' dir='ltr'><strong>omnes</strong></span> <span class='ocrx_word' id='word_1_105' title='bbox 1044 1837 1361 1900; x_wconf 67' lang='lat' dir='ltr'><strong>thesauros</strong></span> <span class='ocrx_word' id='word_1_106' title='bbox 1393 1835 1706 1914; x_wconf 72' lang='lat' dir='ltr'><strong>sapientia·</strong></span> 
     </span>
     <span class='ocr_line' id='line_1_17' title="bbox 109 1928 1705 2009; baseline -0.003 -17"><span class='ocrx_word' id='word_1_107' title='bbox 109 1935 170 1993; x_wconf 78' lang='lat' dir='ltr'><strong>et</strong></span> <span class='ocrx_word' id='word_1_108' title='bbox 197 1928 510 2004; x_wconf 54' lang='lat' dir='ltr'><strong>scientie,</strong></span> <span class='ocrx_word' id='word_1_109' title='bbox 540 1935 604 1990; x_wconf 91' lang='lat' dir='ltr'><strong>et</strong></span> <span class='ocrx_word' id='word_1_110' title='bbox 623 1929 778 1990; x_wconf 89' lang='lat' dir='ltr'><strong>nihil</strong></span> <span class='ocrx_word' id='word_1_111' title='bbox 799 1931 1109 2009; x_wconf 81' lang='lat' dir='ltr'><strong>ignorare.</strong></span> <span class='ocrx_word' id='word_1_112' title='bbox 1137 1928 1398 2000; x_wconf 82' lang='lat' dir='ltr'>Deinde,</span> <span class='ocrx_word' id='word_1_113' title='bbox 1423 1928 1705 2007; x_wconf 89' lang='lat' dir='ltr'><strong>disputa·</strong></span> 
     </span>
     <span class='ocr_line' id='line_1_18' title="bbox 109 2021 1706 2103; baseline -0.003 -19"><span class='ocrx_word' id='word_1_114' title='bbox 109 2023 294 2084; x_wconf 87' lang='lat' dir='ltr'><strong>tione</strong></span> <span class='ocrx_word' id='word_1_115' title='bbox 325 2023 647 2103; x_wconf 82' lang='lat' dir='ltr'><strong>sequentt,</strong></span> <span class='ocrx_word' id='word_1_116' title='bbox 658 2022 1012 2084; x_wconf 81' lang='lat' dir='ltr'><strong>videbimus</strong></span> <span class='ocrx_word' id='word_1_117' title='bbox 1032 2041 1112 2082; x_wconf 84' lang='lat' dir='ltr'><strong>an</strong></span> <span class='ocrx_word' id='word_1_118' title='bbox 1127 2022 1346 2083; x_wconf 89' lang='lat' dir='ltr'><strong>saltem</strong></span> <span class='ocrx_word' id='word_1_119' title='bbox 1367 2039 1480 2102; x_wconf 83' lang='lat' dir='ltr'><strong>per</strong></span> <span class='ocrx_word' id='word_1_120' title='bbox 1507 2021 1706 2081; x_wconf 81' lang='lat' dir='ltr'><strong>scien-</strong></span> 
     </span>
     <span class='ocr_line' id='line_1_19' title="bbox 109 2115 1390 2196; baseline 0.002 -21"><span class='ocrx_word' id='word_1_121' title='bbox 109 2115 278 2176; x_wconf 83' lang='lat' dir='ltr'><strong>tiam</strong></span> <span class='ocrx_word' id='word_1_122' title='bbox 305 2115 592 2176; x_wconf 76' lang='lat' dir='ltr'><strong>infusam</strong></span> <span class='ocrx_word' id='word_1_123' title='bbox 625 2117 838 2176; x_wconf 89' lang='lat' dir='ltr'><strong>omnia</strong></span> <span class='ocrx_word' id='word_1_124' title='bbox 869 2115 1182 2196; x_wconf 85' lang='lat' dir='ltr'><strong>possibilia</strong></span> <span class='ocrx_word' id='word_1_125' title='bbox 1213 2116 1390 2177; x_wconf 86' lang='lat' dir='ltr'><strong>sciat.</strong></span> 
     </span>
    </p>

    <p class='ocr_par' dir='ltr' id='par_1_4' title="bbox 113 2209 1710 3972">
     <span class='ocr_line' id='line_1_20' title="bbox 199 2209 1706 2289; baseline -0.002 -16"><span class='ocrx_word' id='word_1_126' title='bbox 199 2212 304 2273; x_wconf 87' lang='lat'><strong>33.</strong></span> <span class='ocrx_word' id='word_1_127' title='bbox 353 2209 458 2271; x_wconf 82' lang='lat' dir='ltr'><strong>Ad</strong></span> <span class='ocrx_word' id='word_1_128' title='bbox 501 2210 844 2270; x_wconf 82' lang='lat' dir='ltr'><strong>Henricum</strong></span> <span class='ocrx_word' id='word_1_129' title='bbox 888 2215 950 2271; x_wconf 90' lang='lat' dir='ltr'><strong>et</strong></span> <span class='ocrx_word' id='word_1_130' title='bbox 989 2209 1395 2283; x_wconf 84' lang='lat' dir='ltr'><strong>Durandum,</strong></span> <span class='ocrx_word' id='word_1_131' title='bbox 1439 2216 1706 2289; x_wconf 83' lang='lat' dir='ltr'><strong>negatur</strong></span> 
     </span>
     <span class='ocr_line' id='line_1_21' title="bbox 113 2301 1705 2380; baseline -0.002 -15"><span class='ocrx_word' id='word_1_132' title='bbox 113 2323 270 2366; x_wconf 82' lang='lat' dir='ltr'><strong>cum</strong></span> <span class='ocrx_word' id='word_1_133' title='bbox 299 2303 552 2365; x_wconf 77' lang='lat' dir='ltr'>visione</span> <span class='ocrx_word' id='word_1_134' title='bbox 595 2303 708 2363; x_wconf 88' lang='lat' dir='ltr'><strong>Dei</strong></span> <span class='ocrx_word' id='word_1_135' title='bbox 753 2321 894 2364; x_wconf 89' lang='lat' dir='ltr'><strong>esse</strong></span> <span class='ocrx_word' id='word_1_136' title='bbox 925 2301 1278 2364; x_wconf 87' lang='lat' dir='ltr'><strong>necessario</strong></span> <span class='ocrx_word' id='word_1_137' title='bbox 1307 2302 1705 2380; x_wconf 85' lang='lat' dir='ltr'><strong>conjunctam</strong></span> 
     </span>
     <span class='ocr_line' id='line_1_22' title="bbox 115 2395 1704 2480; baseline -0.003 -20"><span class='ocrx_word' id='word_1_138' title='bbox 115 2399 560 2480; x_wconf 79' lang='lat' dir='ltr'><strong>cognitionem</strong></span> <span class='ocrx_word' id='word_1_139' title='bbox 620 2396 904 2458; x_wconf 89' lang='lat' dir='ltr'><strong>omnium</strong></span> <span class='ocrx_word' id='word_1_140' title='bbox 954 2415 1164 2458; x_wconf 87' lang='lat' dir='ltr'><strong>rerum</strong></span> <span class='ocrx_word' id='word_1_141' title='bbox 1195 2401 1259 2456; x_wconf 91' lang='lat' dir='ltr'><strong>et</strong></span> <span class='ocrx_word' id='word_1_142' title='bbox 1285 2395 1704 2476; x_wconf 84' lang='lat' dir='ltr'><strong>quidditatum</strong></span> 
     </span>
     <span class='ocr_line' id='line_1_23' title="bbox 121 2491 1705 2572; baseline -0.001 -19"><span class='ocrx_word' id='word_1_143' title='bbox 121 2511 266 2572; x_wconf 82' lang='lat' dir='ltr'><strong>qnae</strong></span> <span class='ocrx_word' id='word_1_144' title='bbox 289 2493 360 2553; x_wconf 88' lang='lat' dir='ltr'><strong>in</strong></span> <span class='ocrx_word' id='word_1_145' title='bbox 387 2492 530 2572; x_wconf 89' lang='lat' dir='ltr'><strong>ipso</strong></span> <span class='ocrx_word' id='word_1_146' title='bbox 554 2491 908 2552; x_wconf 81' lang='lat' dir='ltr'><strong>eminenter</strong></span> <span class='ocrx_word' id='word_1_147' title='bbox 931 2491 1350 2567; x_wconf 72' lang='grc'><strong>8081111881813</strong></span> <span class='ocrx_word' id='word_1_148' title='bbox 1373 2507 1518 2551; x_wconf 86' lang='grc'><strong>0818</strong></span> <span class='ocrx_word' id='word_1_149' title='bbox 1535 2491 1705 2551; x_wconf 91' lang='lat' dir='ltr'><strong>enim</strong></span> 
     </span>
     <span class='ocr_line' id='line_1_24' title="bbox 125 2583 1708 2664; baseline -0.001 -18"><span class='ocrx_word' id='word_1_150' title='bbox 125 2587 236 2646; x_wconf 87' lang='lat' dir='ltr'><strong>illa</strong></span> <span class='ocrx_word' id='word_1_151' title='bbox 273 2585 438 2646; x_wconf 70' lang='lat' dir='ltr'><strong>visio</strong></span> <span class='ocrx_word' id='word_1_152' title='bbox 483 2603 614 2645; x_wconf 90' lang='lat' dir='ltr'><strong>non</strong></span> <span class='ocrx_word' id='word_1_153' title='bbox 645 2585 725 2645; x_wconf 88' lang='lat' dir='ltr'><strong>sit</strong></span> <span class='ocrx_word' id='word_1_154' title='bbox 756 2583 1272 2664; x_wconf 83' lang='lat' dir='ltr'><strong>comprehensiva</strong></span> <span class='ocrx_word' id='word_1_155' title='bbox 1305 2583 1440 2658; x_wconf 87' lang='lat' dir='ltr'><strong>Dei,</strong></span> <span class='ocrx_word' id='word_1_156' title='bbox 1473 2588 1531 2644; x_wconf 90' lang='lat' dir='ltr'><strong>et</strong></span> <span class='ocrx_word' id='word_1_157' title='bbox 1563 2601 1708 2664; x_wconf 86' lang='lat' dir='ltr'><strong>pos-</strong></span> 
     </span>
     <span class='ocr_line' id='line_1_25' title="bbox 121 2675 1708 2758; baseline -0.002 -19"><span class='ocrx_word' id='word_1_158' title='bbox 121 2681 204 2740; x_wconf 84' lang='lat' dir='ltr'><strong>sit</strong></span> <span class='ocrx_word' id='word_1_159' title='bbox 251 2695 400 2740; x_wconf 87' lang='lat' dir='ltr'><strong>esse</strong></span> <span class='ocrx_word' id='word_1_160' title='bbox 449 2678 660 2758; x_wconf 85' lang='lat' dir='ltr'><strong>magis</strong></span> <span class='ocrx_word' id='word_1_161' title='bbox 705 2677 806 2738; x_wconf 79' lang='lat' dir='ltr'><strong>vel</strong></span> <span class='ocrx_word' id='word_1_162' title='bbox 843 2676 1054 2737; x_wconf 88' lang='lat' dir='ltr'><strong>minus</strong></span> <span class='ocrx_word' id='word_1_163' title='bbox 1109 2675 1410 2758; x_wconf 87' lang='lat' dir='ltr'><strong>perfecta,</strong></span> <span class='ocrx_word' id='word_1_164' title='bbox 1443 2681 1708 2755; x_wconf 89' lang='lat' dir='ltr'><strong>possunt</strong></span> 
     </span>
     <span class='ocr_line' id='line_1_26' title="bbox 121 2767 1702 2852; baseline -0.004 -18"><span class='ocrx_word' id='word_1_165' title='bbox 121 2771 439 2852; x_wconf 82' lang='lat' dir='ltr'><strong>perillam</strong></span> <span class='ocrx_word' id='word_1_166' title='bbox 479 2772 664 2850; x_wconf 85' lang='lat' dir='ltr'><strong>plura</strong></span> <span class='ocrx_word' id='word_1_167' title='bbox 693 2769 798 2832; x_wconf 81' lang='lat' dir='ltr'><strong>vel</strong></span> <span class='ocrx_word' id='word_1_168' title='bbox 827 2769 1120 2849; x_wconf 82' lang='lat' dir='ltr'>pauciora</span> <span class='ocrx_word' id='word_1_169' title='bbox 1154 2767 1352 2830; x_wconf 73' lang='lat' dir='ltr'><strong>videri</strong></span> <span class='ocrx_word' id='word_1_170' title='bbox 1378 2768 1443 2829; x_wconf 90' lang='lat' dir='ltr'><strong>in</strong></span> <span class='ocrx_word' id='word_1_171' title='bbox 1474 2769 1702 2830; x_wconf 87' lang='lat' dir='ltr'><strong>Verbo.</strong></span> 
     </span>
     <span class='ocr_line' id='line_1_27' title="bbox 117 2862 1704 2946; baseline -0.003 -20"><span class='ocrx_word' id='word_1_172' title='bbox 117 2867 344 2946; x_wconf 73' lang='lat' dir='ltr'><strong>Neque</strong></span> <span class='ocrx_word' id='word_1_173' title='bbox 371 2862 714 2925; x_wconf 84' lang='lat' dir='ltr'><strong>Durandus</strong></span> <span class='ocrx_word' id='word_1_174' title='bbox 733 2863 884 2924; x_wconf 84' lang='lat' dir='ltr'><strong>satis</strong></span> <span class='ocrx_word' id='word_1_175' title='bbox 912 2867 1372 2941; x_wconf 85' lang='lat' dir='ltr'><strong>consequenter</strong></span> <span class='ocrx_word' id='word_1_176' title='bbox 1405 2862 1704 2942; x_wconf 85' lang='lat' dir='ltr'><strong>loquitur,</strong></span> 
     </span>
     <span class='ocr_line' id='line_1_28' title="bbox 121 2957 1708 3041; baseline -0.002 -20"><span class='ocrx_word' id='word_1_177' title='bbox 121 2963 299 3041; x_wconf 85' lang='lat' dir='ltr'><strong>qnia,</strong></span> <span class='ocrx_word' id='word_1_178' title='bbox 331 2959 550 3039; x_wconf 84' lang='lat' dir='ltr'><strong>posita</strong></span> <span class='ocrx_word' id='word_1_179' title='bbox 590 2958 1110 3020; x_wconf 84' lang='lat' dir='ltr'><strong>determinatione</strong></span> <span class='ocrx_word' id='word_1_180' title='bbox 1164 2957 1388 3018; x_wconf 82' lang='lat' dir='ltr'><strong>divinae</strong></span> <span class='ocrx_word' id='word_1_181' title='bbox 1420 2957 1708 3019; x_wconf 81' lang='lat' dir='ltr'><strong>volunta·</strong></span> 
     </span>
     <span class='ocr_line' id='line_1_29' title="bbox 123 3049 1704 3130; baseline -0.003 -15"><span class='ocrx_word' id='word_1_182' title='bbox 123 3057 204 3116; x_wconf 81' lang='lat' dir='ltr'><strong>tis</strong></span> <span class='ocrx_word' id='word_1_183' title='bbox 250 3053 357 3114; x_wconf 72' lang='lat' dir='ltr'><strong>vel</strong></span> <span class='ocrx_word' id='word_1_184' title='bbox 389 3053 672 3114; x_wconf 70' lang='lat' dir='ltr'><strong>scientim</strong></span> <span class='ocrx_word' id='word_1_185' title='bbox 702 3052 783 3112; x_wconf 86' lang='lat' dir='ltr'><strong>ad</strong></span> <span class='ocrx_word' id='word_1_186' title='bbox 829 3051 974 3112; x_wconf 86' lang='lat' dir='ltr'><strong>talia</strong></span> <span class='ocrx_word' id='word_1_187' title='bbox 1021 3049 1264 3130; x_wconf 86' lang='lat' dir='ltr'><strong>objecta</strong></span> <span class='ocrx_word' id='word_1_188' title='bbox 1313 3050 1544 3126; x_wconf 85' lang='lat' dir='ltr'><strong>futura,</strong></span> <span class='ocrx_word' id='word_1_189' title='bbox 1573 3051 1704 3111; x_wconf 85' lang='lat' dir='ltr'><strong>fere</strong></span> 
     </span>
     <span class='ocr_line' id='line_1_30' title="bbox 125 3142 1706 3224; baseline -0.005 -15"><span class='ocrx_word' id='word_1_190' title='bbox 125 3148 360 3209; x_wconf 80' lang='lat' dir='ltr'><strong>eadem</strong></span> <span class='ocrx_word' id='word_1_191' title='bbox 389 3153 561 3208; x_wconf 88' lang='lat' dir='ltr'><strong>esset</strong></span> <span class='ocrx_word' id='word_1_192' title='bbox 596 3147 757 3206; x_wconf 85' lang='lat' dir='ltr'><strong>ratio</strong></span> <span class='ocrx_word' id='word_1_193' title='bbox 786 3143 1204 3224; x_wconf 84' lang='lat' dir='ltr'><strong>cognoscendi</strong></span> <span class='ocrx_word' id='word_1_194' title='bbox 1241 3142 1396 3204; x_wconf 89' lang='lat' dir='ltr'><strong>tales</strong></span> <span class='ocrx_word' id='word_1_195' title='bbox 1445 3161 1544 3204; x_wconf 89' lang='lat' dir='ltr'><strong>res</strong></span> <span class='ocrx_word' id='word_1_196' title='bbox 1605 3142 1706 3202; x_wconf 87' lang='lat' dir='ltr'><strong>fu·</strong></span> 
     </span>
     <span class='ocr_line' id='line_1_31' title="bbox 125 3235 1710 3318; baseline -0.004 -16"><span class='ocrx_word' id='word_1_197' title='bbox 125 3249 300 3302; x_wconf 78' lang='lat' dir='ltr'><strong>iuras</strong></span> <span class='ocrx_word' id='word_1_198' title='bbox 321 3242 388 3301; x_wconf 90' lang='lat' dir='ltr'><strong>in</strong></span> <span class='ocrx_word' id='word_1_199' title='bbox 417 3239 655 3316; x_wconf 85' lang='lat' dir='ltr'><strong>Verbo,</strong></span> <span class='ocrx_word' id='word_1_200' title='bbox 687 3257 828 3317; x_wconf 84' lang='lat' dir='ltr'><strong>quae</strong></span> <span class='ocrx_word' id='word_1_201' title='bbox 859 3243 954 3299; x_wconf 87' lang='lat' dir='ltr'><strong>est</strong></span> <span class='ocrx_word' id='word_1_202' title='bbox 981 3235 1400 3318; x_wconf 86' lang='lat' dir='ltr'><strong>cognoscendi</strong></span> <span class='ocrx_word' id='word_1_203' title='bbox 1429 3255 1532 3298; x_wconf 85' lang='lat' dir='ltr'><strong>res</strong></span> <span class='ocrx_word' id='word_1_204' title='bbox 1568 3255 1710 3315; x_wconf 90' lang='lat' dir='ltr'><strong>pos·</strong></span> 
     </span>
     <span class='ocr_line' id='line_1_32' title="bbox 127 3331 1706 3412; baseline -0.004 -17"><span class='ocrx_word' id='word_1_205' title='bbox 127 3334 382 3406; x_wconf 86' lang='lat' dir='ltr'><strong>sibiles;</strong></span> <span class='ocrx_word' id='word_1_206' title='bbox 422 3351 546 3394; x_wconf 88' lang='lat' dir='ltr'><strong>nec</strong></span> <span class='ocrx_word' id='word_1_207' title='bbox 575 3338 783 3412; x_wconf 84' lang='lat' dir='ltr'><strong>potest</strong></span> <span class='ocrx_word' id='word_1_208' title='bbox 811 3331 1000 3392; x_wconf 87' lang='lat' dir='ltr'><strong>etiam</strong></span> <span class='ocrx_word' id='word_1_209' title='bbox 1037 3331 1234 3392; x_wconf 74' lang='lat' dir='ltr'><strong>vitare</strong></span> <span class='ocrx_word' id='word_1_210' title='bbox 1297 3331 1706 3409; x_wconf 86' lang='lat' dir='ltr'><strong>comprehcn-</strong></span> 
     </span>
     <span class='ocr_line' id='line_1_33' title="bbox 129 3423 1706 3504; baseline -0.003 -16"><span class='ocrx_word' id='word_1_211' title='bbox 129 3429 402 3502; x_wconf 80' lang='lat' dir='ltr'><strong>sionem,</strong></span> <span class='ocrx_word' id='word_1_212' title='bbox 432 3434 572 3489; x_wconf 88' lang='lat' dir='ltr'><strong>tum</strong></span> <span class='ocrx_word' id='word_1_213' title='bbox 621 3426 768 3504; x_wconf 89' lang='grc'><strong>8818</strong></span> <span class='ocrx_word' id='word_1_214' title='bbox 795 3423 878 3484; x_wconf 89' lang='lat' dir='ltr'><strong>ad</strong></span> <span class='ocrx_word' id='word_1_215' title='bbox 906 3423 1566 3503; x_wconf 83' lang='lat' dir='ltr'><strong>comprehendendam</strong></span> <span class='ocrx_word' id='word_1_216' title='bbox 1592 3441 1706 3502; x_wconf 92' lang='lat' dir='ltr'><strong>po-</strong></span> 
     </span>
     <span class='ocr_line' id='line_1_34' title="bbox 129 3517 1705 3598; baseline -0.004 -16"><span class='ocrx_word' id='word_1_217' title='bbox 129 3523 396 3582; x_wconf 83' lang='lat' dir='ltr'><strong>tentiam</strong></span> <span class='ocrx_word' id='word_1_218' title='bbox 423 3539 558 3580; x_wconf 87' lang='lat' dir='ltr'><strong>non</strong></span> <span class='ocrx_word' id='word_1_219' title='bbox 583 3524 829 3598; x_wconf 82' lang='lat' dir='ltr'><strong>oportet</strong></span> <span class='ocrx_word' id='word_1_220' title='bbox 860 3534 1242 3598; x_wconf 83' lang='lat' dir='ltr'><strong>cognoscere</strong></span> <span class='ocrx_word' id='word_1_221' title='bbox 1273 3517 1426 3598; x_wconf 90' lang='lat' dir='ltr'><strong>quid</strong></span> <span class='ocrx_word' id='word_1_222' title='bbox 1464 3517 1705 3578; x_wconf 87' lang='lat' dir='ltr'><strong>factura</strong></span> 
     </span>
     <span class='ocr_line' id='line_1_35' title="bbox 133 3609 1706 3690; baseline -0.003 -15"><span class='ocrx_word' id='word_1_223' title='bbox 133 3615 230 3686; x_wconf 87' lang='lat' dir='ltr'><strong>sit,</strong></span> <span class='ocrx_word' id='word_1_224' title='bbox 259 3614 379 3676; x_wconf 88' lang='lat' dir='ltr'><strong>sed</strong></span> <span class='ocrx_word' id='word_1_225' title='bbox 404 3613 560 3674; x_wconf 86' lang='lat' dir='ltr'><strong>satis</strong></span> <span class='ocrx_word' id='word_1_226' title='bbox 582 3617 676 3674; x_wconf 88' lang='lat' dir='ltr'><strong>est</strong></span> <span class='ocrx_word' id='word_1_227' title='bbox 705 3609 1244 3690; x_wconf 86' lang='lat' dir='ltr'><strong>comprehendere</strong></span> <span class='ocrx_word' id='word_1_228' title='bbox 1273 3609 1577 3690; x_wconf 87' lang='lat' dir='ltr'><strong>quidquid</strong></span> <span class='ocrx_word' id='word_1_229' title='bbox 1597 3629 1706 3690; x_wconf 91' lang='lat' dir='ltr'><strong>po-</strong></span> 
     </span>
     <span class='ocr_line' id='line_1_36' title="bbox 133 3703 1706 3784; baseline -0.003 -16"><span class='ocrx_word' id='word_1_230' title='bbox 133 3711 252 3770; x_wconf 87' lang='lat' dir='ltr'><strong>test</strong></span> <span class='ocrx_word' id='word_1_231' title='bbox 279 3709 540 3776; x_wconf 84' lang='lat' dir='ltr'><strong>facere;</strong></span> <span class='ocrx_word' id='word_1_232' title='bbox 569 3713 708 3767; x_wconf 85' lang='lat' dir='ltr'><strong>tum</strong></span> <span class='ocrx_word' id='word_1_233' title='bbox 733 3704 924 3766; x_wconf 85' lang='lat' dir='ltr'><strong>etiam</strong></span> <span class='ocrx_word' id='word_1_234' title='bbox 955 3704 1102 3784; x_wconf 86' lang='lat' dir='ltr'><strong>quia</strong></span> <span class='ocrx_word' id='word_1_235' title='bbox 1121 3703 1332 3764; x_wconf 87' lang='lat' dir='ltr'><strong>anima</strong></span> <span class='ocrx_word' id='word_1_236' title='bbox 1361 3703 1580 3765; x_wconf 75' lang='lat' dir='ltr'><strong>Christi</strong></span> <span class='ocrx_word' id='word_1_237' title='bbox 1611 3703 1706 3763; x_wconf 84' lang='lat' dir='ltr'><strong>vi-</strong></span> 
     </span>
     <span class='ocr_line' id='line_1_37' title="bbox 137 3796 1708 3879; baseline -0.003 -17"><span class='ocrx_word' id='word_1_238' title='bbox 137 3801 234 3862; x_wconf 87' lang='lat' dir='ltr'><strong>det</strong></span> <span class='ocrx_word' id='word_1_239' title='bbox 253 3803 324 3862; x_wconf 89' lang='lat' dir='ltr'><strong>in</strong></span> <span class='ocrx_word' id='word_1_240' title='bbox 355 3800 572 3861; x_wconf 81' lang='lat' dir='ltr'><strong>Verbo</strong></span> <span class='ocrx_word' id='word_1_241' title='bbox 599 3796 905 3879; x_wconf 86' lang='lat' dir='ltr'><strong>quidquid</strong></span> <span class='ocrx_word' id='word_1_242' title='bbox 929 3797 1204 3859; x_wconf 88' lang='lat' dir='ltr'><strong>futurum</strong></span> <span class='ocrx_word' id='word_1_243' title='bbox 1227 3797 1400 3858; x_wconf 88' lang='lat' dir='ltr'><strong>estin</strong></span> <span class='ocrx_word' id='word_1_244' title='bbox 1430 3796 1708 3877; x_wconf 84' lang='lat' dir='ltr'><strong>qualibet</strong></span> 
     </span>
     <span class='ocr_line' id='line_1_38' title="bbox 135 3883 1706 3972; baseline -0.004 -18"><span class='ocrx_word' id='word_1_245' title='bbox 135 3895 494 3956; x_wconf 84' lang='lat' dir='ltr'><strong>differentia</strong></span> <span class='ocrx_word' id='word_1_246' title='bbox 523 3892 854 3972; x_wconf 75' lang='lat' dir='ltr'><strong>temporie,</strong></span> <span class='ocrx_word' id='word_1_247' title='bbox 880 3895 949 3951; x_wconf 88' lang='lat' dir='ltr'><strong>ut</strong></span> <span class='ocrx_word' id='word_1_248' title='bbox 969 3890 1103 3968; x_wconf 88' lang='lat' dir='ltr'><strong>jam</strong></span> <span class='ocrx_word' id='word_1_249' title='bbox 1123 3889 1350 3951; x_wconf 88' lang='lat' dir='ltr'><strong>dicam.</strong></span> <span class='ocrx_word' id='word_1_250' title='bbox 1367 3883 1442 3950; x_wconf 87' lang='lat' dir='ltr'><strong>Et</strong></span> <span class='ocrx_word' id='word_1_251' title='bbox 1470 3888 1706 3950; x_wconf 85' lang='lat' dir='ltr'><strong>eoedem</strong></span> 
     </span>
    </p>
   </div>
   <div class='ocr_carea' id='block_1_3' title="bbox 16 3981 1708 4066">
    <p class='ocr_par' dir='ltr' id='par_1_5' title="bbox 16 3981 1708 4066">
     <span class='ocr_line' id='line_1_39' title="bbox 16 3981 1708 4066; baseline -0.005 -17"><span class='ocrx_word' id='word_1_252' title='bbox 16 4003 22 4014; x_wconf 90' lang='lat'><em>·</em></span> <span class='ocrx_word' id='word_1_253' title='bbox 135 3989 410 4050; x_wconf 74' lang='lat' dir='ltr'><strong>rationes</strong></span> <span class='ocrx_word' id='word_1_254' title='bbox 439 3993 674 4066; x_wconf 85' lang='lat' dir='ltr'><strong>urgent</strong></span> <span class='ocrx_word' id='word_1_255' title='bbox 704 3990 922 4047; x_wconf 83' lang='lat' dir='ltr'><strong>contra</strong></span> <span class='ocrx_word' id='word_1_256' title='bbox 947 3983 1306 4056; x_wconf 88' lang='lat' dir='ltr'><strong>Henricum,</strong></span> <span class='ocrx_word' id='word_1_257' title='bbox 1346 3981 1492 4061; x_wconf 87' lang='lat' dir='ltr'><strong>quia</strong></span> <span class='ocrx_word' id='word_1_258' title='bbox 1533 3982 1708 4042; x_wconf 86' lang='lat' dir='ltr'><strong>nulla</strong></span> 
     </span>
    </p>
   </div>
   <div class='ocr_carea' id='block_1_4' title="bbox 135 4075 1713 5658">
    <p class='ocr_par' dir='ltr' id='par_1_6' title="bbox 135 4075 1711 4519">
     <span class='ocr_line' id='line_1_40' title="bbox 135 4075 1711 4160; baseline -0.007 -17"><span class='ocrx_word' id='word_1_259' title='bbox 135 4089 222 4143; x_wconf 77' lang='lat' dir='ltr'><strong>est</strong></span> <span class='ocrx_word' id='word_1_260' title='bbox 252 4082 412 4144; x_wconf 85' lang='lat' dir='ltr'><strong>ratio</strong></span> <span class='ocrx_word' id='word_1_261' title='bbox 437 4099 552 4143; x_wconf 88' lang='lat' dir='ltr'><strong>cur</strong></span> <span class='ocrx_word' id='word_1_262' title='bbox 579 4079 780 4160; x_wconf 82' lang='lat' dir='ltr'><strong>magis</strong></span> <span class='ocrx_word' id='word_1_263' title='bbox 831 4075 1184 4139; x_wconf 86' lang='lat' dir='ltr'><strong>necessario</strong></span> <span class='ocrx_word' id='word_1_264' title='bbox 1214 4075 1545 4136; x_wconf 78' lang='lat' dir='ltr'><strong>videantur</strong></span> <span class='ocrx_word' id='word_1_265' title='bbox 1573 4091 1711 4134; x_wconf 91' lang='lat' dir='ltr'><strong>om-</strong></span> 
     </span>
     <span class='ocr_line' id='line_1_41' title="bbox 137 4167 1708 4257; baseline -0.006 -21"><span class='ocrx_word' id='word_1_266' title='bbox 137 4195 240 4238; x_wconf 88' lang='lat' dir='ltr'><strong>nes</strong></span> <span class='ocrx_word' id='word_1_267' title='bbox 265 4175 522 4257; x_wconf 86' lang='lat' dir='ltr'><strong>species</strong></span> <span class='ocrx_word' id='word_1_268' title='bbox 565 4191 774 4236; x_wconf 88' lang='lat' dir='ltr'><strong>rerum</strong></span> <span class='ocrx_word' id='word_1_269' title='bbox 807 4173 870 4232; x_wconf 91' lang='lat' dir='ltr'><strong>in</strong></span> <span class='ocrx_word' id='word_1_270' title='bbox 907 4173 1037 4232; x_wconf 88' lang='lat' dir='ltr'><strong>Deo</strong></span> <span class='ocrx_word' id='word_1_271' title='bbox 1068 4170 1224 4244; x_wconf 83' lang='lat' dir='ltr'><strong>viso,</strong></span> <span class='ocrx_word' id='word_1_272' title='bbox 1257 4187 1446 4248; x_wconf 86' lang='grc'><strong>811818</strong></span> <span class='ocrx_word' id='word_1_273' title='bbox 1498 4167 1708 4229; x_wconf 88' lang='grc'><strong>018818</strong></span> 
     </span>
     <span class='ocr_line' id='line_1_42' title="bbox 137 4261 1710 4342; baseline -0.005 -13"><span class='ocrx_word' id='word_1_274' title='bbox 137 4269 488 4340; x_wconf 77' lang='lat' dir='ltr'><strong>individua,</strong></span> <span class='ocrx_word' id='word_1_275' title='bbox 514 4284 660 4330; x_wconf 89' lang='lat' dir='ltr'><strong>cum</strong></span> <span class='ocrx_word' id='word_1_276' title='bbox 705 4273 836 4328; x_wconf 83' lang='lat' dir='ltr'><strong>tam</strong></span> <span class='ocrx_word' id='word_1_277' title='bbox 885 4261 1206 4326; x_wconf 79' lang='lat' dir='ltr'><strong>individua</strong></span> <span class='ocrx_word' id='word_1_278' title='bbox 1247 4278 1438 4342; x_wconf 79' lang='lat' dir='ltr'><strong>quam</strong></span> <span class='ocrx_word' id='word_1_279' title='bbox 1465 4261 1710 4340; x_wconf 85' lang='lat' dir='ltr'><strong>species</strong></span> 
     </span>
     <span class='ocr_line' id='line_1_43' title="bbox 137 4357 1710 4434; baseline -0.008 -8"><span class='ocrx_word' id='word_1_280' title='bbox 137 4363 581 4426; x_wconf 80' lang='lat' dir='ltr'><strong>contineantur</strong></span> <span class='ocrx_word' id='word_1_281' title='bbox 602 4359 954 4422; x_wconf 87' lang='lat' dir='ltr'><strong>eminenter</strong></span> <span class='ocrx_word' id='word_1_282' title='bbox 993 4358 1058 4418; x_wconf 88' lang='lat' dir='ltr'><strong>in</strong></span> <span class='ocrx_word' id='word_1_283' title='bbox 1089 4357 1239 4427; x_wconf 89' lang='lat' dir='ltr'><strong>Deo,</strong></span> <span class='ocrx_word' id='word_1_284' title='bbox 1285 4360 1348 4414; x_wconf 93' lang='lat' dir='ltr'><strong>et</strong></span> <span class='ocrx_word' id='word_1_285' title='bbox 1371 4369 1710 4434; x_wconf 79' lang='lat' dir='ltr'><strong>reproesen-</strong></span> 
     </span>
     <span class='ocr_line' id='line_1_44' title="bbox 141 4451 911 4519; baseline -0.009 0"><span class='ocrx_word' id='word_1_286' title='bbox 141 4464 343 4519; x_wconf 81' lang='lat' dir='ltr'><strong>lentur</strong></span> <span class='ocrx_word' id='word_1_287' title='bbox 373 4457 442 4517; x_wconf 91' lang='lat' dir='ltr'><strong>in</strong></span> <span class='ocrx_word' id='word_1_288' title='bbox 471 4455 700 4516; x_wconf 88' lang='lat' dir='ltr'><strong>divinis</strong></span> <span class='ocrx_word' id='word_1_289' title='bbox 731 4451 911 4516; x_wconf 84' lang='lat' dir='ltr'><strong>ideis.</strong></span> 
     </span>
    </p>

    <p class='ocr_par' dir='ltr' id='par_1_7' title="bbox 140 4543 1713 5658">
     <span class='ocr_line' id='line_1_45' title="bbox 213 4543 1712 4622; baseline -0.007 -9"><span class='ocrx_word' id='word_1_290' title='bbox 213 4553 314 4613; x_wconf 72' lang='lat'><strong>34.</strong></span> <span class='ocrx_word' id='word_1_291' title='bbox 347 4549 596 4611; x_wconf 77' lang='lat' dir='ltr'><strong>Verum</strong></span> <span class='ocrx_word' id='word_1_292' title='bbox 617 4554 830 4609; x_wconf 88' lang='lat' dir='ltr'><strong>tamen</strong></span> <span class='ocrx_word' id='word_1_293' title='bbox 851 4551 946 4609; x_wconf 89' lang='lat' dir='ltr'><strong>est</strong></span> <span class='ocrx_word' id='word_1_294' title='bbox 968 4543 1276 4607; x_wconf 82' lang='lat' dir='ltr'><strong>rationem</strong></span> <span class='ocrx_word' id='word_1_295' title='bbox 1299 4547 1612 4622; x_wconf 85' lang='lat' dir='ltr'><strong>sumptam</strong></span> <span class='ocrx_word' id='word_1_296' title='bbox 1633 4559 1712 4602; x_wconf 81' lang='lat' dir='ltr'><strong>ex</strong></span> 
     </span>
     <span class='ocr_line' id='line_1_46' title="bbox 140 4637 1712 4725; baseline -0.006 -20"><span class='ocrx_word' id='word_1_297' title='bbox 140 4643 704 4725; x_wconf 86' lang='lat' dir='ltr'><strong>comprehensione</strong></span> <span class='ocrx_word' id='word_1_298' title='bbox 765 4659 894 4701; x_wconf 90' lang='lat' dir='ltr'><strong>non</strong></span> <span class='ocrx_word' id='word_1_299' title='bbox 940 4641 1026 4700; x_wconf 86' lang='lat' dir='ltr'><strong>ita</strong></span> <span class='ocrx_word' id='word_1_300' title='bbox 1066 4637 1438 4700; x_wconf 85' lang='lat' dir='ltr'><strong>convincere</strong></span> <span class='ocrx_word' id='word_1_301' title='bbox 1491 4641 1712 4698; x_wconf 87' lang='lat' dir='ltr'><strong>contra</strong></span> 
     </span>
     <span class='ocr_line' id='line_1_47' title="bbox 146 4728 1707 4816; baseline -0.006 -17"><span class='ocrx_word' id='word_1_302' title='bbox 146 4739 504 4812; x_wconf 78' lang='lat' dir='ltr'><strong>Heancum,</strong></span> <span class='ocrx_word' id='word_1_303' title='bbox 540 4735 712 4816; x_wconf 89' lang='lat' dir='ltr'><strong>quod</strong></span> <span class='ocrx_word' id='word_1_304' title='bbox 741 4735 821 4795; x_wconf 87' lang='lat' dir='ltr'><strong>sit</strong></span> <span class='ocrx_word' id='word_1_305' title='bbox 845 4732 1226 4814; x_wconf 89' lang='lat' dir='ltr'><strong>impossibile</strong></span> <span class='ocrx_word' id='word_1_306' title='bbox 1251 4729 1463 4792; x_wconf 77' lang='lat' dir='ltr'><strong>videre</strong></span> <span class='ocrx_word' id='word_1_307' title='bbox 1491 4728 1552 4790; x_wconf 91' lang='lat' dir='ltr'><strong>in</strong></span> <span class='ocrx_word' id='word_1_308' title='bbox 1577 4732 1707 4791; x_wconf 89' lang='lat' dir='ltr'><strong>Deo</strong></span> 
     </span>
     <span class='ocr_line' id='line_1_48' title="bbox 151 4824 1710 4909; baseline -0.003 -18"><span class='ocrx_word' id='word_1_309' title='bbox 151 4850 356 4894; x_wconf 89' lang='lat' dir='ltr'><strong>omnes</strong></span> <span class='ocrx_word' id='word_1_310' title='bbox 395 4848 616 4892; x_wconf 88' lang='lat' dir='ltr'><strong>rerum</strong></span> <span class='ocrx_word' id='word_1_311' title='bbox 646 4829 888 4909; x_wconf 87' lang='lat' dir='ltr'><strong>species</strong></span> <span class='ocrx_word' id='word_1_312' title='bbox 920 4827 1275 4909; x_wconf 85' lang='lat' dir='ltr'><strong>possibiles,</strong></span> <span class='ocrx_word' id='word_1_313' title='bbox 1309 4831 1442 4888; x_wconf 88' lang='lat' dir='ltr'><strong>esto</strong></span> <span class='ocrx_word' id='word_1_314' title='bbox 1472 4842 1601 4886; x_wconf 90' lang='lat' dir='ltr'><strong>non</strong></span> <span class='ocrx_word' id='word_1_315' title='bbox 1631 4824 1710 4886; x_wconf 89' lang='lat' dir='ltr'><strong>sit</strong></span> 
     </span>
     <span class='ocr_line' id='line_1_49' title="bbox 147 4919 1707 4998; baseline -0.006 -13"><span class='ocrx_word' id='word_1_316' title='bbox 147 4927 568 4988; x_wconf 86' lang='lat' dir='ltr'><strong>necessarium</strong></span> <span class='ocrx_word' id='word_1_317' title='bbox 595 4942 611 4996; x_wconf 74' lang='grc' dir='ltr'>ς</span> <span class='ocrx_word' id='word_1_318' title='bbox 645 4941 796 4983; x_wconf 86' lang='lat' dir='ltr'><strong>nam</strong></span> <span class='ocrx_word' id='word_1_319' title='bbox 817 4921 867 4983; x_wconf 88' lang='lat' dir='ltr'><strong>si</strong></span> <span class='ocrx_word' id='word_1_320' title='bbox 895 4922 1255 4984; x_wconf 82' lang='lat' dir='ltr'><strong>viderentur</strong></span> <span class='ocrx_word' id='word_1_321' title='bbox 1284 4919 1548 4998; x_wconf 75' lang='lat' dir='ltr'><strong>specieS,</strong></span> <span class='ocrx_word' id='word_1_322' title='bbox 1579 4935 1707 4977; x_wconf 92' lang='lat' dir='ltr'><strong>non</strong></span> 
     </span>
     <span class='ocr_line' id='line_1_50' title="bbox 147 5011 1710 5090; baseline -0.004 -12"><span class='ocrx_word' id='word_1_323' title='bbox 147 5019 281 5080; x_wconf 75' lang='lat' dir='ltr'><strong>visis</strong></span> <span class='ocrx_word' id='word_1_324' title='bbox 314 5018 616 5081; x_wconf 87' lang='lat' dir='ltr'><strong>omnihus</strong></span> <span class='ocrx_word' id='word_1_325' title='bbox 646 5014 1009 5090; x_wconf 78' lang='lat' dir='ltr'><strong>individuiS‚</strong></span> <span class='ocrx_word' id='word_1_326' title='bbox 1041 5033 1166 5076; x_wconf 89' lang='lat' dir='ltr'><strong>non</strong></span> <span class='ocrx_word' id='word_1_327' title='bbox 1195 5011 1514 5075; x_wconf 83' lang='lat' dir='ltr'><strong>videretur</strong></span> <span class='ocrx_word' id='word_1_328' title='bbox 1541 5015 1710 5072; x_wconf 86' lang='lat' dir='ltr'><strong>certe</strong></span> 
     </span>
     <span class='ocr_line' id='line_1_51' title="bbox 153 5103 1710 5196; baseline -0.006 -24"><span class='ocrx_word' id='word_1_329' title='bbox 153 5111 592 5196; x_wconf 87' lang='lat' dir='ltr'><strong>comprehendi</strong></span> <span class='ocrx_word' id='word_1_330' title='bbox 647 5111 862 5184; x_wconf 87' lang='lat' dir='ltr'><strong>Dens,</strong></span> <span class='ocrx_word' id='word_1_331' title='bbox 909 5109 1056 5188; x_wconf 89' lang='lat' dir='ltr'><strong>quia</strong></span> <span class='ocrx_word' id='word_1_332' title='bbox 1098 5105 1555 5186; x_wconf 82' lang='lat' dir='ltr'><strong>omnipotentia</strong></span> <span class='ocrx_word' id='word_1_333' title='bbox 1595 5103 1710 5164; x_wconf 90' lang='lat' dir='ltr'><strong>Dei</strong></span> 
     </span>
     <span class='ocr_line' id='line_1_52' title="bbox 153 5195 1711 5288; baseline -0.007 -19"><span class='ocrx_word' id='word_1_334' title='bbox 153 5226 249 5286; x_wconf 86' lang='lat' dir='ltr'><strong>per</strong></span> <span class='ocrx_word' id='word_1_335' title='bbox 274 5225 340 5269; x_wconf 89' lang='lat' dir='ltr'><strong>se</strong></span> <span class='ocrx_word' id='word_1_336' title='bbox 366 5207 580 5288; x_wconf 87' lang='lat' dir='ltr'><strong>primo</strong></span> <span class='ocrx_word' id='word_1_337' title='bbox 609 5204 866 5283; x_wconf 84' lang='lat' dir='ltr'><strong>respicit</strong></span> <span class='ocrx_word' id='word_1_338' title='bbox 882 5221 1012 5262; x_wconf 89' lang='lat' dir='ltr'><strong>non</strong></span> <span class='ocrx_word' id='word_1_339' title='bbox 1037 5205 1282 5262; x_wconf 84' lang='lat' dir='ltr'><strong>tantum</strong></span> <span class='ocrx_word' id='word_1_340' title='bbox 1312 5197 1578 5278; x_wconf 66' lang='grc'><strong>8888188,</strong></span> <span class='ocrx_word' id='word_1_341' title='bbox 1597 5195 1711 5258; x_wconf 88' lang='lat' dir='ltr'><strong>sed</strong></span> 
     </span>
     <span class='ocr_line' id='line_1_53' title="bbox 157 5289 1712 5374; baseline -0.009 -11"><span class='ocrx_word' id='word_1_342' title='bbox 157 5303 318 5362; x_wconf 83' lang='lat' dir='ltr'><strong>etiam</strong></span> <span class='ocrx_word' id='word_1_343' title='bbox 340 5298 704 5370; x_wconf 77' lang='lat' dir='ltr'><strong>individua,</strong></span> <span class='ocrx_word' id='word_1_344' title='bbox 733 5303 791 5358; x_wconf 90' lang='lat' dir='ltr'><strong>et</strong></span> <span class='ocrx_word' id='word_1_345' title='bbox 823 5295 1063 5356; x_wconf 84' lang='lat' dir='ltr'><strong>infinita</strong></span> <span class='ocrx_word' id='word_1_346' title='bbox 1079 5293 1216 5374; x_wconf 87' lang='lat' dir='ltr'><strong>ejus</strong></span> <span class='ocrx_word' id='word_1_347' title='bbox 1231 5291 1529 5373; x_wconf 76' lang='lat' dir='ltr'><strong>perfectio</strong></span> <span class='ocrx_word' id='word_1_348' title='bbox 1556 5289 1712 5350; x_wconf 89' lang='lat' dir='ltr'><strong>emi-</strong></span> 
     </span>
     <span class='ocr_line' id='line_1_54' title="bbox 159 5384 1712 5468; baseline -0.007 -13"><span class='ocrx_word' id='word_1_349' title='bbox 159 5403 354 5458; x_wconf 87' lang='lat' dir='ltr'><strong>nenter</strong></span> <span class='ocrx_word' id='word_1_350' title='bbox 381 5392 606 5456; x_wconf 88' lang='lat' dir='ltr'><strong>omnia</strong></span> <span class='ocrx_word' id='word_1_351' title='bbox 655 5390 957 5451; x_wconf 89' lang='lat' dir='ltr'><strong>continet.</strong></span> <span class='ocrx_word' id='word_1_352' title='bbox 991 5387 1118 5450; x_wconf 90' lang='lat' dir='ltr'><strong>Sed</strong></span> <span class='ocrx_word' id='word_1_353' title='bbox 1149 5385 1434 5468; x_wconf 86' lang='lat' dir='ltr'><strong>quamvis</strong></span> <span class='ocrx_word' id='word_1_354' title='bbox 1464 5384 1568 5444; x_wconf 87' lang='lat' dir='ltr'><strong>illa</strong></span> <span class='ocrx_word' id='word_1_355' title='bbox 1613 5401 1712 5445; x_wconf 80' lang='lat' dir='ltr'><strong>ra·</strong></span> 
     </span>
     <span class='ocr_line' id='line_1_55' title="bbox 163 5477 1711 5555; baseline -0.007 -7"><span class='ocrx_word' id='word_1_356' title='bbox 163 5489 224 5550; x_wconf 83' lang='lat' dir='ltr'><strong>tio</strong></span> <span class='ocrx_word' id='word_1_357' title='bbox 247 5489 480 5552; x_wconf 87' lang='lat' dir='ltr'><strong>directe</strong></span> <span class='ocrx_word' id='word_1_358' title='bbox 507 5485 753 5548; x_wconf 84' lang='lat' dir='ltr'><strong>nonita</strong></span> <span class='ocrx_word' id='word_1_359' title='bbox 786 5481 1135 5555; x_wconf 81' lang='lat' dir='ltr'><strong>convincat,</strong></span> <span class='ocrx_word' id='word_1_360' title='bbox 1155 5488 1368 5544; x_wconf 84' lang='lat' dir='ltr'><strong>tamen</strong></span> <span class='ocrx_word' id='word_1_361' title='bbox 1393 5478 1552 5540; x_wconf 84' lang='lat' dir='ltr'><strong>ratio</strong></span> <span class='ocrx_word' id='word_1_362' title='bbox 1577 5477 1711 5539; x_wconf 82' lang='lat' dir='ltr'><strong>fuc-</strong></span> 
     </span>
     <span class='ocr_line' id='line_1_56' title="bbox 165 5572 1713 5658; baseline -0.007 -16"><span class='ocrx_word' id='word_1_363' title='bbox 165 5587 208 5644; x_wconf 83' lang='lat' dir='ltr'><strong>ta</strong></span> <span class='ocrx_word' id='word_1_364' title='bbox 227 5584 294 5646; x_wconf 85' lang='lat' dir='ltr'><strong>de</strong></span> <span class='ocrx_word' id='word_1_365' title='bbox 323 5583 570 5646; x_wconf 86' lang='lat' dir='ltr'><strong>lumine</strong></span> <span class='ocrx_word' id='word_1_366' title='bbox 601 5577 852 5640; x_wconf 82' lang='grc'><strong>18118110</strong></span> <span class='ocrx_word' id='word_1_367' title='bbox 883 5575 1114 5658; x_wconf 87' lang='lat' dir='ltr'><strong>optime</strong></span> <span class='ocrx_word' id='word_1_368' title='bbox 1136 5579 1350 5638; x_wconf 81' lang='lat' dir='ltr'><strong>contra</strong></span> <span class='ocrx_word' id='word_1_369' title='bbox 1382 5572 1544 5633; x_wconf 82' lang='grc'><strong>11880</strong></span> <span class='ocrx_word' id='word_1_370' title='bbox 1575 5589 1713 5632; x_wconf 88' lang='lat' dir='ltr'><strong>sen-</strong></span> 
     </span>
    </p>
   </div>
   <div class='ocr_carea' id='block_1_5' title="bbox 453 5703 636 5748">
    <p class='ocr_par' dir='ltr' id='par_1_8' title="bbox 453 5703 636 5748">
     <span class='ocr_line' id='line_1_57' title="bbox 453 5703 636 5748; baseline 0 0"><span class='ocrx_word' id='word_1_371' title='bbox 453 5703 636 5748; x_wconf 74' lang='lat' dir='ltr'><strong>xvut.</strong></span> 
     </span>
    </p>
   </div>
   <div class='ocr_carea' id='block_1_6' title="bbox 1781 527 3353 2476">
    <p class='ocr_par' dir='ltr' id='par_1_9' title="bbox 1785 527 3348 872">
     <span class='ocr_line' id='line_1_58' title="bbox 1785 527 3347 616; baseline 0.01 -27"><span class='ocrx_word' id='word_1_372' title='bbox 1785 527 2046 589; x_wconf 82' lang='lat' dir='ltr'><strong>tentiam</strong></span> <span class='ocrx_word' id='word_1_373' title='bbox 2088 529 2390 608; x_wconf 83' lang='lat' dir='ltr'><strong>procedit.</strong></span> <span class='ocrx_word' id='word_1_374' title='bbox 2418 536 2479 591; x_wconf 95' lang='lat' dir='ltr'><strong>et</strong></span> <span class='ocrx_word' id='word_1_375' title='bbox 2512 531 2657 594; x_wconf 86' lang='lat' dir='ltr'><strong>inde</strong></span> <span class='ocrx_word' id='word_1_376' title='bbox 2686 543 3144 616; x_wconf 84' lang='lat' dir='ltr'><strong>consequenter</strong></span> <span class='ocrx_word' id='word_1_377' title='bbox 3185 539 3347 604; x_wconf 82' lang='lat' dir='ltr'><strong>effici</strong></span> 
     </span>
     <span class='ocr_line' id='line_1_59' title="bbox 1785 621 3348 709; baseline 0.01 -29"><span class='ocrx_word' id='word_1_378' title='bbox 1785 621 2055 694; x_wconf 81' lang='lat' dir='ltr'><strong>videtur,</strong></span> <span class='ocrx_word' id='word_1_379' title='bbox 2086 622 2445 686; x_wconf 82' lang='grc'><strong>1818181888</strong></span> <span class='ocrx_word' id='word_1_380' title='bbox 2472 642 2597 685; x_wconf 91' lang='lat' dir='ltr'><strong>non</strong></span> <span class='ocrx_word' id='word_1_381' title='bbox 2616 625 2819 687; x_wconf 87' lang='lat' dir='ltr'><strong>solum</strong></span> <span class='ocrx_word' id='word_1_382' title='bbox 2849 627 2931 687; x_wconf 85' lang='lat' dir='ltr'><strong>ad</strong></span> <span class='ocrx_word' id='word_1_383' title='bbox 2966 648 3348 709; x_wconf 83' lang='lat' dir='ltr'><strong>cognoscen-</strong></span> 
     </span>
     <span class='ocr_line' id='line_1_60' title="bbox 1787 712 3347 796; baseline 0.01 -23"><span class='ocrx_word' id='word_1_384' title='bbox 1787 712 1898 774; x_wconf 88' lang='lat' dir='ltr'><strong>das</strong></span> <span class='ocrx_word' id='word_1_385' title='bbox 1926 732 2145 777; x_wconf 89' lang='lat' dir='ltr'><strong>omnes</strong></span> <span class='ocrx_word' id='word_1_386' title='bbox 2174 717 2439 796; x_wconf 84' lang='lat' dir='ltr'><strong>species,</strong></span> <span class='ocrx_word' id='word_1_387' title='bbox 2481 717 2594 778; x_wconf 91' lang='lat' dir='ltr'><strong>sed</strong></span> <span class='ocrx_word' id='word_1_388' title='bbox 2634 719 2823 781; x_wconf 85' lang='lat' dir='ltr'><strong>etiam</strong></span> <span class='ocrx_word' id='word_1_389' title='bbox 2854 721 2933 782; x_wconf 82' lang='lat' dir='ltr'><strong>nd</strong></span> <span class='ocrx_word' id='word_1_390' title='bbox 2985 725 3196 786; x_wconf 87' lang='grc'><strong>018818</strong></span> <span class='ocrx_word' id='word_1_391' title='bbox 3245 726 3347 788; x_wconf 90' lang='lat' dir='ltr'><strong>in-</strong></span> 
     </span>
     <span class='ocr_line' id='line_1_61' title="bbox 1787 807 2379 872; baseline 0.003 -4"><span class='ocrx_word' id='word_1_392' title='bbox 1787 807 2039 869; x_wconf 86' lang='lat' dir='ltr'><strong>dividua</strong></span> <span class='ocrx_word' id='word_1_393' title='bbox 2071 809 2379 872; x_wconf 86' lang='lat' dir='ltr'><strong>sufficere.</strong></span> 
     </span>
    </p>

    <p class='ocr_par' dir='ltr' id='par_1_10' title="bbox 1781 903 3353 2476">
     <span class='ocr_line' id='line_1_62' title="bbox 1868 903 3349 975; baseline 0.007 -11"><span class='ocrx_word' id='word_1_394' title='bbox 1868 905 1967 965; x_wconf 79' lang='lat'><strong>35.</strong></span> <span class='ocrx_word' id='word_1_395' title='bbox 2016 904 2267 969; x_wconf 86' lang='lat' dir='ltr'><strong>Ultimo.</strong></span> <span class='ocrx_word' id='word_1_396' title='bbox 2301 923 2378 965; x_wconf 84' lang='lat' dir='ltr'><strong>cx</strong></span> <span class='ocrx_word' id='word_1_397' title='bbox 2420 903 2597 967; x_wconf 90' lang='lat' dir='ltr'><strong>dictis</strong></span> <span class='ocrx_word' id='word_1_398' title='bbox 2635 907 2697 968; x_wconf 90' lang='lat' dir='ltr'><strong>in</strong></span> <span class='ocrx_word' id='word_1_399' title='bbox 2738 907 2861 970; x_wconf 86' lang='lat' dir='ltr'><strong>hac</strong></span> <span class='ocrx_word' id='word_1_400' title='bbox 2889 909 3044 970; x_wconf 87' lang='grc'><strong>8118</strong></span> <span class='ocrx_word' id='word_1_401' title='bbox 3072 913 3349 975; x_wconf 80' lang='lat' dir='ltr'><strong>sectione</strong></span> 
     </span>
     <span class='ocr_line' id='line_1_63' title="bbox 1785 995 3349 1082; baseline 0.01 -27"><span class='ocrx_word' id='word_1_402' title='bbox 1785 995 2193 1076; x_wconf 64' lang='lat' dir='ltr'><strong>praecedenti,</strong></span> <span class='ocrx_word' id='word_1_403' title='bbox 2226 1003 2443 1078; x_wconf 89' lang='lat' dir='ltr'><strong>aperte</strong></span> <span class='ocrx_word' id='word_1_404' title='bbox 2474 999 2783 1082; x_wconf 83' lang='lat' dir='ltr'><strong>colligitur</strong></span> <span class='ocrx_word' id='word_1_405' title='bbox 2802 1021 2992 1082; x_wconf 90' lang='lat' dir='ltr'><strong>quam</strong></span> <span class='ocrx_word' id='word_1_406' title='bbox 3022 1005 3101 1066; x_wconf 87' lang='lat' dir='ltr'><strong>sit</strong></span> <span class='ocrx_word' id='word_1_407' title='bbox 3130 1025 3349 1070; x_wconf 73' lang='lat' dir='ltr'><strong>verum</strong></span> 
     </span>
     <span class='ocr_line' id='line_1_64' title="bbox 1786 1087 3352 1170; baseline 0.009 -21"><span class='ocrx_word' id='word_1_408' title='bbox 1786 1087 1955 1170; x_wconf 86' lang='lat' dir='ltr'><strong>quod</strong></span> <span class='ocrx_word' id='word_1_409' title='bbox 1986 1091 2057 1152; x_wconf 87' lang='lat' dir='ltr'><strong>D.</strong></span> <span class='ocrx_word' id='word_1_410' title='bbox 2084 1092 2303 1154; x_wconf 86' lang='lat' dir='ltr'><strong>Thom.</strong></span> <span class='ocrx_word' id='word_1_411' title='bbox 2333 1091 2504 1164; x_wconf 82' lang='lat' dir='ltr'><strong>dixit,</strong></span> <span class='ocrx_word' id='word_1_412' title='bbox 2526 1099 2642 1156; x_wconf 87' lang='lat' dir='ltr'><strong>art.</strong></span> <span class='ocrx_word' id='word_1_413' title='bbox 2669 1097 2730 1168; x_wconf 73' lang='lat'><strong>4,</strong></span> <span class='ocrx_word' id='word_1_414' title='bbox 2764 1095 2845 1156; x_wconf 90' lang='lat' dir='ltr'><strong>ad</strong></span> <span class='ocrx_word' id='word_1_415' title='bbox 2871 1097 3119 1170; x_wconf 84' lang='grc'><strong>3,11888</strong></span> <span class='ocrx_word' id='word_1_416' title='bbox 3148 1099 3352 1162; x_wconf 84' lang='lat' dir='ltr'><strong>scien-</strong></span> 
     </span>
     <span class='ocr_line' id='line_1_65' title="bbox 1786 1182 3351 1269; baseline 0.008 -26"><span class='ocrx_word' id='word_1_417' title='bbox 1786 1182 1934 1243; x_wconf 87' lang='lat' dir='ltr'><strong>tiam</strong></span> <span class='ocrx_word' id='word_1_418' title='bbox 1973 1182 2223 1244; x_wconf 84' lang='lat' dir='ltr'><strong>beatam</strong></span> <span class='ocrx_word' id='word_1_419' title='bbox 2276 1185 2521 1260; x_wconf 89' lang='lat' dir='ltr'><strong>Christi,</strong></span> <span class='ocrx_word' id='word_1_420' title='bbox 2572 1187 2714 1248; x_wconf 89' lang='lat' dir='ltr'><strong>licet</strong></span> <span class='ocrx_word' id='word_1_421' title='bbox 2755 1189 3208 1269; x_wconf 80' lang='lat' dir='ltr'><strong>perfectissima</strong></span> <span class='ocrx_word' id='word_1_422' title='bbox 3268 1193 3351 1256; x_wconf 90' lang='lat' dir='ltr'><strong>sit</strong></span> 
     </span>
     <span class='ocr_line' id='line_1_66' title="bbox 1786 1277 3349 1366; baseline 0.01 -31"><span class='ocrx_word' id='word_1_423' title='bbox 1786 1277 2066 1338; x_wconf 87' lang='lat' dir='ltr'><strong>omnium</strong></span> <span class='ocrx_word' id='word_1_424' title='bbox 2097 1293 2239 1357; x_wconf 78' lang='lat' dir='ltr'><strong>quae</strong></span> <span class='ocrx_word' id='word_1_425' title='bbox 2274 1277 2353 1340; x_wconf 91' lang='lat' dir='ltr'><strong>de</strong></span> <span class='ocrx_word' id='word_1_426' title='bbox 2384 1279 2663 1358; x_wconf 84' lang='lat' dir='ltr'><strong>potentia</strong></span> <span class='ocrx_word' id='word_1_427' title='bbox 2688 1280 3001 1346; x_wconf 85' lang='lat' dir='ltr'><strong>ordinaria</strong></span> <span class='ocrx_word' id='word_1_428' title='bbox 3035 1304 3173 1349; x_wconf 86' lang='lat' dir='ltr'><strong>esse</strong></span> <span class='ocrx_word' id='word_1_429' title='bbox 3203 1305 3349 1366; x_wconf 88' lang='lat' dir='ltr'><strong>pos-</strong></span> 
     </span>
     <span class='ocr_line' id='line_1_67' title="bbox 1787 1369 3349 1458; baseline 0.009 -30"><span class='ocrx_word' id='word_1_430' title='bbox 1787 1373 1964 1440; x_wconf 87' lang='lat' dir='ltr'><strong>sunt,</strong></span> <span class='ocrx_word' id='word_1_431' title='bbox 1996 1375 2207 1430; x_wconf 80' lang='lat' dir='ltr'><strong>tamen</strong></span> <span class='ocrx_word' id='word_1_432' title='bbox 2234 1369 2312 1432; x_wconf 91' lang='lat' dir='ltr'><strong>de</strong></span> <span class='ocrx_word' id='word_1_433' title='bbox 2344 1371 2630 1432; x_wconf 85' lang='lat' dir='ltr'><strong>absoluta</strong></span> <span class='ocrx_word' id='word_1_434' title='bbox 2662 1378 2942 1454; x_wconf 88' lang='lat' dir='ltr'><strong>potentia</strong></span> <span class='ocrx_word' id='word_1_435' title='bbox 2970 1396 3155 1458; x_wconf 85' lang='lat' dir='ltr'><strong>posse</strong></span> <span class='ocrx_word' id='word_1_436' title='bbox 3210 1397 3349 1442; x_wconf 86' lang='grc'><strong>8888</strong></span> 
     </span>
     <span class='ocr_line' id='line_1_68' title="bbox 1785 1461 3351 1556; baseline 0.01 -35"><span class='ocrx_word' id='word_1_437' title='bbox 1785 1461 2246 1543; x_wconf 78' lang='lat' dir='ltr'><strong>perfectiorem,</strong></span> <span class='ocrx_word' id='word_1_438' title='bbox 2282 1465 2406 1526; x_wconf 89' lang='lat' dir='ltr'><strong>imo</strong></span> <span class='ocrx_word' id='word_1_439' title='bbox 2442 1483 2697 1546; x_wconf 86' lang='lat' dir='ltr'><strong>semper</strong></span> <span class='ocrx_word' id='word_1_440' title='bbox 2722 1467 2785 1528; x_wconf 91' lang='lat' dir='ltr'><strong>in</strong></span> <span class='ocrx_word' id='word_1_441' title='bbox 2820 1468 3133 1533; x_wconf 80' lang='lat' dir='ltr'><strong>infinitum</strong></span> <span class='ocrx_word' id='word_1_442' title='bbox 3166 1490 3351 1556; x_wconf 82' lang='lat' dir='ltr'><strong>posse</strong></span> 
     </span>
     <span class='ocr_line' id='line_1_69' title="bbox 1785 1555 3351 1648; baseline 0.01 -32"><span class='ocrx_word' id='word_1_443' title='bbox 1785 1555 1918 1616; x_wconf 87' lang='lat' dir='ltr'><strong>dari</strong></span> <span class='ocrx_word' id='word_1_444' title='bbox 1950 1555 2138 1616; x_wconf 83' lang='lat' dir='ltr'><strong>aliam</strong></span> <span class='ocrx_word' id='word_1_445' title='bbox 2193 1556 2656 1637; x_wconf 79' lang='lat' dir='ltr'><strong>perfectiorem,</strong></span> <span class='ocrx_word' id='word_1_446' title='bbox 2688 1561 2837 1642; x_wconf 86' lang='lat' dir='ltr'><strong>quia</strong></span> <span class='ocrx_word' id='word_1_447' title='bbox 2879 1582 3203 1646; x_wconf 84' lang='lat' dir='ltr'><strong>nunquam</strong></span> <span class='ocrx_word' id='word_1_448' title='bbox 3237 1586 3351 1648; x_wconf 89' lang='lat' dir='ltr'><strong>po·-</strong></span> 
     </span>
     <span class='ocr_line' id='line_1_70' title="bbox 1787 1648 3351 1741; baseline 0.01 -33"><span class='ocrx_word' id='word_1_449' title='bbox 1787 1653 1903 1709; x_wconf 90' lang='lat' dir='ltr'><strong>test</strong></span> <span class='ocrx_word' id='word_1_450' title='bbox 1933 1648 2243 1729; x_wconf 72' lang='lat' dir='ltr'><strong>adaequari</strong></span> <span class='ocrx_word' id='word_1_451' title='bbox 2271 1669 2386 1713; x_wconf 89' lang='lat' dir='ltr'><strong>suo</strong></span> <span class='ocrx_word' id='word_1_452' title='bbox 2414 1651 2659 1732; x_wconf 84' lang='lat' dir='ltr'><strong>objecto</strong></span> <span class='ocrx_word' id='word_1_453' title='bbox 2685 1655 3003 1734; x_wconf 72' lang='lat' dir='ltr'><strong>primurm,</strong></span> <span class='ocrx_word' id='word_1_454' title='bbox 3032 1677 3240 1741; x_wconf 87' lang='grc'><strong>88888</strong></span> <span class='ocrx_word' id='word_1_455' title='bbox 3276 1661 3351 1724; x_wconf 89' lang='lat' dir='ltr'><strong>il·</strong></span> 
     </span>
     <span class='ocr_line' id='line_1_71' title="bbox 1781 1741 3351 1832; baseline 0.011 -32"><span class='ocrx_word' id='word_1_456' title='bbox 1781 1741 1893 1801; x_wconf 90' lang='lat' dir='ltr'><strong>lud</strong></span> <span class='ocrx_word' id='word_1_457' title='bbox 1916 1743 2479 1822; x_wconf 89' lang='lat' dir='ltr'><strong>comprehendere,</strong></span> <span class='ocrx_word' id='word_1_458' title='bbox 2510 1763 2717 1824; x_wconf 87' lang='lat' dir='ltr'><strong>neque</strong></span> <span class='ocrx_word' id='word_1_459' title='bbox 2738 1751 2948 1810; x_wconf 84' lang='lat' dir='ltr'><strong>omnia</strong></span> <span class='ocrx_word' id='word_1_460' title='bbox 2968 1769 3351 1832; x_wconf 80' lang='lat' dir='ltr'><strong>cognoscere</strong></span> 
     </span>
     <span class='ocr_line' id='line_1_72' title="bbox 1785 1835 3353 1928; baseline 0.011 -35"><span class='ocrx_word' id='word_1_461' title='bbox 1785 1851 1926 1913; x_wconf 81' lang='lat' dir='ltr'><strong>quoe</strong></span> <span class='ocrx_word' id='word_1_462' title='bbox 1958 1835 2021 1896; x_wconf 88' lang='lat' dir='ltr'><strong>in</strong></span> <span class='ocrx_word' id='word_1_463' title='bbox 2048 1835 2152 1896; x_wconf 91' lang='lat' dir='ltr'><strong>illo</strong></span> <span class='ocrx_word' id='word_1_464' title='bbox 2183 1838 2619 1912; x_wconf 60' lang='lat' dir='ltr'><strong>continentum</strong></span> <span class='ocrx_word' id='word_1_465' title='bbox 2666 1859 2815 1920; x_wconf 82' lang='lat' dir='ltr'><strong>ergo</strong></span> <span class='ocrx_word' id='word_1_466' title='bbox 2860 1862 3110 1924; x_wconf 87' lang='lat' dir='ltr'><strong>semper</strong></span> <span class='ocrx_word' id='word_1_467' title='bbox 3147 1851 3353 1928; x_wconf 84' lang='lat' dir='ltr'><strong>potest</strong></span> 
     </span>
     <span class='ocr_line' id='line_1_73' title="bbox 1784 1929 3353 2024; baseline 0.01 -35"><span class='ocrx_word' id='word_1_468' title='bbox 1784 1929 2123 2009; x_wconf 76' lang='lat' dir='ltr'><strong>perfectius</strong></span> <span class='ocrx_word' id='word_1_469' title='bbox 2154 1932 2415 1995; x_wconf 85' lang='lat' dir='ltr'><strong>tendere</strong></span> <span class='ocrx_word' id='word_1_470' title='bbox 2443 1933 2505 1994; x_wconf 91' lang='lat' dir='ltr'><strong>in</strong></span> <span class='ocrx_word' id='word_1_471' title='bbox 2537 1935 2853 2016; x_wconf 86' lang='lat' dir='ltr'><strong>objectum</strong></span> <span class='ocrx_word' id='word_1_472' title='bbox 2885 1958 3091 2014; x_wconf 87' lang='lat' dir='ltr'><strong>suum,</strong></span> <span class='ocrx_word' id='word_1_473' title='bbox 3124 1947 3187 2004; x_wconf 91' lang='lat' dir='ltr'><strong>et</strong></span> <span class='ocrx_word' id='word_1_474' title='bbox 3218 1943 3353 2024; x_wconf 84' lang='lat' dir='ltr'><strong>plu-</strong></span> 
     </span>
     <span class='ocr_line' id='line_1_74' title="bbox 1785 2023 3349 2116; baseline 0.01 -33"><span class='ocrx_word' id='word_1_475' title='bbox 1785 2041 1854 2084; x_wconf 87' lang='lat' dir='ltr'><strong>ra</strong></span> <span class='ocrx_word' id='word_1_476' title='bbox 1886 2023 1947 2084; x_wconf 91' lang='lat' dir='ltr'><strong>in</strong></span> <span class='ocrx_word' id='word_1_477' title='bbox 1978 2023 2085 2085; x_wconf 89' lang='grc'><strong>1110</strong></span> <span class='ocrx_word' id='word_1_478' title='bbox 2120 2025 2354 2104; x_wconf 79' lang='lat' dir='ltr'><strong>videre,</strong></span> <span class='ocrx_word' id='word_1_479' title='bbox 2390 2034 2575 2108; x_wconf 85' lang='grc'><strong>81888</strong></span> <span class='ocrx_word' id='word_1_480' title='bbox 2606 2030 2767 2091; x_wconf 84' lang='lat' dir='ltr'><strong>adeo</strong></span> <span class='ocrx_word' id='word_1_481' title='bbox 2796 2031 3100 2096; x_wconf 76' lang='lat' dir='ltr'><strong>visionem</strong></span> <span class='ocrx_word' id='word_1_482' title='bbox 3148 2033 3349 2116; x_wconf 85' lang='lat' dir='ltr'><strong>ipsam</strong></span> 
     </span>
     <span class='ocr_line' id='line_1_75' title="bbox 1789 2115 3353 2208; baseline 0.01 -32"><span class='ocrx_word' id='word_1_483' title='bbox 1789 2115 2129 2178; x_wconf 80' lang='lat' dir='ltr'><strong>increatam</strong></span> <span class='ocrx_word' id='word_1_484' title='bbox 2183 2117 2294 2180; x_wconf 90' lang='lat' dir='ltr'><strong>Dei</strong></span> <span class='ocrx_word' id='word_1_485' title='bbox 2342 2121 2679 2199; x_wconf 86' lang='lat' dir='ltr'><strong>perfectius</strong></span> <span class='ocrx_word' id='word_1_486' title='bbox 2732 2127 3101 2206; x_wconf 85' lang='lat' dir='ltr'><strong>participare</strong></span> <span class='ocrx_word' id='word_1_487' title='bbox 3125 2175 3138 2197; x_wconf 85' lang='lat'><strong>.</strong></span> <span class='ocrx_word' id='word_1_488' title='bbox 3180 2129 3353 2208; x_wconf 83' lang='lat' dir='ltr'><strong>quod</strong></span> 
     </span>
     <span class='ocr_line' id='line_1_76' title="bbox 1789 2209 3351 2294; baseline 0.01 -27"><span class='ocrx_word' id='word_1_489' title='bbox 1789 2227 1915 2270; x_wconf 87' lang='grc'><strong>808</strong></span> <span class='ocrx_word' id='word_1_490' title='bbox 1952 2209 2241 2271; x_wconf 88' lang='grc'><strong>80181818</strong></span> <span class='ocrx_word' id='word_1_491' title='bbox 2273 2211 2535 2275; x_wconf 82' lang='lat' dir='ltr'><strong>diversis</strong></span> <span class='ocrx_word' id='word_1_492' title='bbox 2574 2215 2896 2294; x_wconf 75' lang='lat' dir='ltr'><strong>subJectis,</strong></span> <span class='ocrx_word' id='word_1_493' title='bbox 2922 2219 3029 2280; x_wconf 89' lang='lat' dir='ltr'><strong>sed</strong></span> <span class='ocrx_word' id='word_1_494' title='bbox 3067 2221 3351 2283; x_wconf 84' lang='grc'><strong>81181818</strong></span> 
     </span>
     <span class='ocr_line' id='line_1_77' title="bbox 1787 2303 3350 2392; baseline 0.009 -30"><span class='ocrx_word' id='word_1_495' title='bbox 1787 2303 2011 2363; x_wconf 90' lang='lat' dir='ltr'><strong>eodem</strong></span> <span class='ocrx_word' id='word_1_496' title='bbox 2038 2321 2257 2364; x_wconf 80' lang='lat' dir='ltr'><strong>verum</strong></span> <span class='ocrx_word' id='word_1_497' title='bbox 2288 2311 2424 2378; x_wconf 84' lang='grc'><strong>881,</strong></span> <span class='ocrx_word' id='word_1_498' title='bbox 2466 2312 2535 2369; x_wconf 89' lang='lat' dir='ltr'><strong>ut</strong></span> <span class='ocrx_word' id='word_1_499' title='bbox 2564 2307 2715 2368; x_wconf 85' lang='lat' dir='ltr'><strong>satis</strong></span> <span class='ocrx_word' id='word_1_500' title='bbox 2740 2315 2955 2372; x_wconf 83' lang='lat' dir='ltr'><strong>contra</strong></span> <span class='ocrx_word' id='word_1_501' title='bbox 2982 2311 3350 2392; x_wconf 86' lang='lat' dir='ltr'><strong>Cajetanum</strong></span> 
     </span>
     <span class='ocr_line' id='line_1_78' title="bbox 1787 2395 3352 2476; baseline 0.01 -22"><span class='ocrx_word' id='word_1_502' title='bbox 1787 2395 1850 2455; x_wconf 91' lang='lat' dir='ltr'><strong>in</strong></span> <span class='ocrx_word' id='word_1_503' title='bbox 1905 2397 2332 2476; x_wconf 87' lang='lat' dir='ltr'><strong>superioribus</strong></span> <span class='ocrx_word' id='word_1_504' title='bbox 2383 2399 2677 2462; x_wconf 75' lang='lat' dir='ltr'><strong>diximus·</strong></span> <span class='ocrx_word' id='word_1_505' title='bbox 2714 2403 2786 2464; x_wconf 88' lang='lat' dir='ltr'><strong>Et</strong></span> <span class='ocrx_word' id='word_1_506' title='bbox 2839 2403 3061 2465; x_wconf 84' lang='lat' dir='ltr'><strong>eadem</strong></span> <span class='ocrx_word' id='word_1_507' title='bbox 3112 2407 3352 2470; x_wconf 84' lang='lat' dir='ltr'><strong>ratione</strong></span> 
     </span>
    </p>
   </div>
   <div class='ocr_carea' id='block_1_7' title="bbox 1787 2489 3347 2662">
    <p class='ocr_par' dir='ltr' id='par_1_11' title="bbox 1787 2489 3347 2662">
     <span class='ocr_line' id='line_1_79' title="bbox 1787 2489 3347 2575; baseline 0.01 -30"><span class='ocrx_word' id='word_1_508' title='bbox 1787 2491 2001 2565; x_wconf 91' lang='lat' dir='ltr'><strong>posset</strong></span> <span class='ocrx_word' id='word_1_509' title='bbox 2027 2489 2131 2549; x_wconf 85' lang='lat' dir='ltr'><strong>illa</strong></span> <span class='ocrx_word' id='word_1_510' title='bbox 2157 2489 2379 2552; x_wconf 83' lang='lat' dir='ltr'><strong>eadem</strong></span> <span class='ocrx_word' id='word_1_511' title='bbox 2409 2493 2565 2554; x_wconf 78' lang='lat' dir='ltr'><strong>visio</strong></span> <span class='ocrx_word' id='word_1_512' title='bbox 2583 2495 2645 2554; x_wconf 91' lang='lat' dir='ltr'><strong>in</strong></span> <span class='ocrx_word' id='word_1_513' title='bbox 2666 2494 3017 2557; x_wconf 86' lang='lat' dir='ltr'><strong>intensione</strong></span> <span class='ocrx_word' id='word_1_514' title='bbox 3039 2516 3347 2575; x_wconf 85' lang='lat' dir='ltr'><strong>crescere,</strong></span> 
     </span>
     <span class='ocr_line' id='line_1_80' title="bbox 1790 2580 2393 2662; baseline 0.008 -23"><span class='ocrx_word' id='word_1_515' title='bbox 1790 2585 1855 2641; x_wconf 87' lang='lat' dir='ltr'><strong>ut</strong></span> <span class='ocrx_word' id='word_1_516' title='bbox 1885 2597 1959 2641; x_wconf 81' lang='lat' dir='ltr'><strong>ex</strong></span> <span class='ocrx_word' id='word_1_517' title='bbox 1987 2580 2167 2643; x_wconf 83' lang='lat' dir='ltr'><strong>dictis</strong></span> <span class='ocrx_word' id='word_1_518' title='bbox 2203 2589 2393 2662; x_wconf 87' lang='lat' dir='ltr'><strong>patet.</strong></span> 
     </span>
    </p>
   </div>
   <div class='ocr_carea' id='block_1_8' title="bbox 2412 2767 2736 2824">
    <p class='ocr_par' dir='ltr' id='par_1_12' title="bbox 2412 2767 2736 2824">
     <span class='ocr_line' id='line_1_81' title="bbox 2412 2767 2736 2824; baseline 0.012 -4"><span class='ocrx_word' id='word_1_519' title='bbox 2412 2767 2627 2824; x_wconf 67' lang='lat' dir='ltr'><strong>813ch</strong></span> <span class='ocrx_word' id='word_1_520' title='bbox 2656 2771 2736 2824; x_wconf 79' lang='grc' dir='ltr'><strong>Ν.</strong></span> 
     </span>
    </p>
   </div>
   <div class='ocr_carea' id='block_1_9' title="bbox 1795 2893 3353 3056">
    <p class='ocr_par' dir='ltr' id='par_1_13' title="bbox 1795 2893 3353 3056">
     <span class='ocr_line' id='line_1_82' title="bbox 1795 2893 3353 2974; baseline 0.004 -23"><span class='ocrx_word' id='word_1_521' title='bbox 1795 2894 1982 2952; x_wconf 80' lang='lat' dir='ltr'><strong>Utrum</strong></span> <span class='ocrx_word' id='word_1_522' title='bbox 2028 2896 2217 2950; x_wconf 79' lang='lat' dir='ltr'><strong>anima</strong></span> <span class='ocrx_word' id='word_1_523' title='bbox 2254 2893 2459 2952; x_wconf 78' lang='lat' dir='ltr'><strong>Christi</strong></span> <span class='ocrx_word' id='word_1_524' title='bbox 2494 2897 2681 2956; x_wconf 81' lang='lat' dir='ltr'><strong>videat</strong></span> <span class='ocrx_word' id='word_1_525' title='bbox 2708 2901 2770 2954; x_wconf 75' lang='lat' dir='ltr'><strong>in</strong></span> <span class='ocrx_word' id='word_1_526' title='bbox 2825 2897 2987 2955; x_wconf 72' lang='lat' dir='ltr'><strong>Verbo</strong></span> <span class='ocrx_word' id='word_1_527' title='bbox 3018 2902 3205 2958; x_wconf 77' lang='lat' dir='ltr'><strong>omnia</strong></span> <span class='ocrx_word' id='word_1_528' title='bbox 3232 2917 3353 2974; x_wconf 79' lang='lat' dir='ltr'><strong>quoe</strong></span> 
     </span>
     <span class='ocr_line' id='line_1_83' title="bbox 1823 2977 3311 3056; baseline 0.006 -22"><span class='ocrx_word' id='word_1_529' title='bbox 1823 2977 1967 3036; x_wconf 79' lang='lat' dir='ltr'><strong>Deus</strong></span> <span class='ocrx_word' id='word_1_530' title='bbox 1994 2977 2139 3036; x_wconf 57' lang='lat' dir='ltr'><strong>viriet</strong></span> <span class='ocrx_word' id='word_1_531' title='bbox 2163 2980 2399 3036; x_wconf 80' lang='lat' dir='ltr'><strong>scientia</strong></span> <span class='ocrx_word' id='word_1_532' title='bbox 2426 2981 2675 3050; x_wconf 78' lang='lat' dir='ltr'><strong>visionis,</strong></span> <span class='ocrx_word' id='word_1_533' title='bbox 2706 2989 2865 3056; x_wconf 79' lang='lat' dir='ltr'><strong>atque</strong></span> <span class='ocrx_word' id='word_1_534' title='bbox 2909 2983 3045 3042; x_wconf 83' lang='lat' dir='ltr'><strong>adeo</strong></span> <span class='ocrx_word' id='word_1_535' title='bbox 3076 2983 3311 3053; x_wconf 76' lang='lat' dir='ltr'><strong>infinita.</strong></span> 
     </span>
    </p>
   </div>
   <div class='ocr_carea' id='block_1_10' title="bbox 1785 3145 3359 4805">
    <p class='ocr_par' dir='ltr' id='par_1_14' title="bbox 1785 3145 3359 4805">
     <span class='ocr_line' id='line_1_84' title="bbox 1872 3145 3355 3226; baseline 0.001 -17"><span class='ocrx_word' id='word_1_536' title='bbox 1872 3151 1928 3209; x_wconf 83' lang='lat'><strong>1.</strong></span> <span class='ocrx_word' id='word_1_537' title='bbox 1974 3145 2146 3207; x_wconf 89' lang='lat' dir='ltr'><strong>Multi</strong></span> <span class='ocrx_word' id='word_1_538' title='bbox 2174 3165 2251 3207; x_wconf 83' lang='lat' dir='ltr'><strong>ex</strong></span> <span class='ocrx_word' id='word_1_539' title='bbox 2272 3147 2607 3226; x_wconf 86' lang='lat' dir='ltr'><strong>Theologis</strong></span> <span class='ocrx_word' id='word_1_540' title='bbox 2634 3153 2869 3226; x_wconf 82' lang='lat' dir='ltr'><strong>negant</strong></span> <span class='ocrx_word' id='word_1_541' title='bbox 2888 3149 3163 3211; x_wconf 84' lang='grc'><strong>8111188111</strong></span> <span class='ocrx_word' id='word_1_542' title='bbox 3187 3149 3355 3222; x_wconf 75' lang='lat' dir='ltr'><strong>Chri,-</strong></span> 
     </span>
     <span class='ocr_line' id='line_1_85' title="bbox 1791 3240 3354 3308; baseline 0.005 -9"><span class='ocrx_word' id='word_1_543' title='bbox 1791 3241 1865 3300; x_wconf 89' lang='lat' dir='ltr'><strong>sti</strong></span> <span class='ocrx_word' id='word_1_544' title='bbox 1895 3240 2107 3302; x_wconf 88' lang='lat' dir='ltr'><strong>videre</strong></span> <span class='ocrx_word' id='word_1_545' title='bbox 2138 3241 2205 3300; x_wconf 92' lang='lat' dir='ltr'><strong>in</strong></span> <span class='ocrx_word' id='word_1_546' title='bbox 2234 3241 2441 3302; x_wconf 83' lang='lat' dir='ltr'><strong>Verbo</strong></span> <span class='ocrx_word' id='word_1_547' title='bbox 2490 3243 2621 3304; x_wconf 79' lang='lat' dir='ltr'><strong>haec</strong></span> <span class='ocrx_word' id='word_1_548' title='bbox 2650 3243 2886 3304; x_wconf 90' lang='lat' dir='ltr'><strong>omnia.</strong></span> <span class='ocrx_word' id='word_1_549' title='bbox 2919 3245 3009 3304; x_wconf 84' lang='lat' dir='ltr'><strong>lta</strong></span> <span class='ocrx_word' id='word_1_550' title='bbox 3060 3243 3246 3308; x_wconf 84' lang='lat' dir='ltr'><strong>Gabr.</strong></span> <span class='ocrx_word' id='word_1_551' title='bbox 3291 3251 3354 3307; x_wconf 88' lang='lat' dir='ltr'><strong>ct</strong></span> 
     </span>
     <span class='ocr_line' id='line_1_86' title="bbox 1789 3333 3351 3416; baseline 0.003 -22"><span class='ocrx_word' id='word_1_552' title='bbox 1789 3333 2109 3406; x_wconf 86' lang='lat' dir='ltr'><strong>Richard.,</strong></span> <span class='ocrx_word' id='word_1_553' title='bbox 2144 3335 2307 3396; x_wconf 91' lang='lat' dir='ltr'><strong>Scot.</strong></span> <span class='ocrx_word' id='word_1_554' title='bbox 2336 3341 2399 3396; x_wconf 91' lang='lat' dir='ltr'><strong>et</strong></span> <span class='ocrx_word' id='word_1_555' title='bbox 2434 3335 2695 3412; x_wconf 87' lang='lat' dir='ltr'><strong>Bonav.‚</strong></span> <span class='ocrx_word' id='word_1_556' title='bbox 2732 3335 2885 3397; x_wconf 91' lang='lat' dir='ltr'><strong>locis</strong></span> <span class='ocrx_word' id='word_1_557' title='bbox 2910 3355 3098 3416; x_wconf 86' lang='lat' dir='ltr'><strong>supra</strong></span> <span class='ocrx_word' id='word_1_558' title='bbox 3124 3337 3351 3414; x_wconf 84' lang='grc'><strong>8118118,</strong></span> 
     </span>
     <span class='ocr_line' id='line_1_87' title="bbox 1786 3425 3353 3508; baseline 0.003 -22"><span class='ocrx_word' id='word_1_559' title='bbox 1786 3427 1851 3486; x_wconf 87' lang='grc'><strong>18</strong></span> <span class='ocrx_word' id='word_1_560' title='bbox 1887 3427 1946 3501; x_wconf 85' lang='grc'><strong>3,</strong></span> <span class='ocrx_word' id='word_1_561' title='bbox 1974 3425 2035 3487; x_wconf 88' lang='grc'><strong>(1.</strong></span> <span class='ocrx_word' id='word_1_562' title='bbox 2068 3429 2167 3502; x_wconf 71' lang='grc'><strong>14,</strong></span> <span class='ocrx_word' id='word_1_563' title='bbox 2199 3428 2483 3505; x_wconf 81' lang='lat' dir='ltr'><strong>quamvis</strong></span> <span class='ocrx_word' id='word_1_564' title='bbox 2520 3446 2649 3489; x_wconf 90' lang='lat' dir='ltr'><strong>non</strong></span> <span class='ocrx_word' id='word_1_565' title='bbox 2679 3428 2904 3489; x_wconf 90' lang='lat' dir='ltr'><strong>eodem</strong></span> <span class='ocrx_word' id='word_1_566' title='bbox 2940 3427 3125 3490; x_wconf 89' lang='lat' dir='ltr'><strong>modo</strong></span> <span class='ocrx_word' id='word_1_567' title='bbox 3152 3445 3172 3508; x_wconf 80' lang='lat'><em>3</em></span> <span class='ocrx_word' id='word_1_568' title='bbox 3204 3447 3353 3490; x_wconf 88' lang='lat' dir='ltr'><strong>nam</strong></span> 
     </span>
     <span class='ocr_line' id='line_1_88' title="bbox 1787 3519 3355 3598; baseline 0.001 -18"><span class='ocrx_word' id='word_1_569' title='bbox 1787 3521 2009 3580; x_wconf 87' lang='lat' dir='ltr'><strong>Scotus</strong></span> <span class='ocrx_word' id='word_1_570' title='bbox 2032 3519 2256 3580; x_wconf 90' lang='lat' dir='ltr'><strong>eodem</strong></span> <span class='ocrx_word' id='word_1_571' title='bbox 2278 3519 2467 3580; x_wconf 87' lang='lat' dir='ltr'><strong>modo</strong></span> <span class='ocrx_word' id='word_1_572' title='bbox 2495 3519 2772 3598; x_wconf 88' lang='lat' dir='ltr'><strong>loquitur</strong></span> <span class='ocrx_word' id='word_1_573' title='bbox 2790 3519 2870 3582; x_wconf 90' lang='lat' dir='ltr'><strong>de</strong></span> <span class='ocrx_word' id='word_1_574' title='bbox 2903 3521 3160 3582; x_wconf 90' lang='grc'><strong>88188118</strong></span> <span class='ocrx_word' id='word_1_575' title='bbox 3188 3521 3355 3583; x_wconf 84' lang='lat' dir='ltr'><strong>futu·</strong></span> 
     </span>
     <span class='ocr_line' id='line_1_89' title="bbox 1785 3611 3357 3694; baseline 0.001 -21"><span class='ocrx_word' id='word_1_576' title='bbox 1785 3630 2000 3673; x_wconf 86' lang='lat' dir='ltr'><strong>rorum</strong></span> <span class='ocrx_word' id='word_1_577' title='bbox 2034 3617 2095 3672; x_wconf 88' lang='lat' dir='ltr'><strong>et</strong></span> <span class='ocrx_word' id='word_1_578' title='bbox 2139 3611 2553 3690; x_wconf 85' lang='lat' dir='ltr'><strong>possibilium,</strong></span> <span class='ocrx_word' id='word_1_579' title='bbox 2596 3612 2987 3692; x_wconf 83' lang='lat' dir='ltr'><strong>distinguens</strong></span> <span class='ocrx_word' id='word_1_580' title='bbox 3014 3611 3093 3674; x_wconf 89' lang='lat' dir='ltr'><strong>de</strong></span> <span class='ocrx_word' id='word_1_581' title='bbox 3142 3614 3357 3694; x_wconf 81' lang='lat' dir='ltr'><strong>cogni-</strong></span> 
     </span>
     <span class='ocr_line' id='line_1_90' title="bbox 1789 3705 3355 3784; baseline 0.001 -18"><span class='ocrx_word' id='word_1_582' title='bbox 1789 3706 1959 3767; x_wconf 88' lang='lat' dir='ltr'><strong>tione</strong></span> <span class='ocrx_word' id='word_1_583' title='bbox 1990 3705 2053 3765; x_wconf 92' lang='lat' dir='ltr'><strong>in</strong></span> <span class='ocrx_word' id='word_1_584' title='bbox 2076 3709 2217 3765; x_wconf 87' lang='lat' dir='ltr'><strong>actu</strong></span> <span class='ocrx_word' id='word_1_585' title='bbox 2250 3707 2452 3783; x_wconf 89' lang='lat' dir='ltr'><strong>primo</strong></span> <span class='ocrx_word' id='word_1_586' title='bbox 2480 3705 2579 3766; x_wconf 85' lang='lat' dir='ltr'><strong>vel</strong></span> <span class='ocrx_word' id='word_1_587' title='bbox 2599 3705 2920 3784; x_wconf 80' lang='lat' dir='ltr'><strong>secund03</strong></span> <span class='ocrx_word' id='word_1_588' title='bbox 2948 3724 3088 3784; x_wconf 82' lang='lat' dir='ltr'><strong>quae</strong></span> <span class='ocrx_word' id='word_1_589' title='bbox 3103 3707 3355 3768; x_wconf 87' lang='lat' dir='ltr'><strong>distinc-</strong></span> 
     </span>
     <span class='ocr_line' id='line_1_91' title="bbox 1787 3797 3348 3878; baseline 0 -18"><span class='ocrx_word' id='word_1_590' title='bbox 1787 3797 1876 3860; x_wconf 88' lang='lat' dir='ltr'><strong>tio</strong></span> <span class='ocrx_word' id='word_1_591' title='bbox 1893 3799 2025 3878; x_wconf 85' lang='lat' dir='ltr'><strong>jam</strong></span> <span class='ocrx_word' id='word_1_592' title='bbox 2051 3816 2087 3858; x_wconf 89' lang='grc'><strong>8</strong></span> <span class='ocrx_word' id='word_1_593' title='bbox 2110 3797 2291 3858; x_wconf 89' lang='lat' dir='ltr'><strong>nobis</strong></span> <span class='ocrx_word' id='word_1_594' title='bbox 2316 3797 2541 3877; x_wconf 84' lang='lat' dir='ltr'><strong>rejecta</strong></span> <span class='ocrx_word' id='word_1_595' title='bbox 2572 3802 2688 3872; x_wconf 84' lang='lat' dir='ltr'><strong>est,</strong></span> <span class='ocrx_word' id='word_1_596' title='bbox 2715 3799 2861 3877; x_wconf 87' lang='grc'><strong>8818</strong></span> <span class='ocrx_word' id='word_1_597' title='bbox 2900 3799 2961 3858; x_wconf 89' lang='grc'><strong>18</strong></span> <span class='ocrx_word' id='word_1_598' title='bbox 2992 3798 3111 3859; x_wconf 85' lang='lat' dir='ltr'><strong>hac</strong></span> <span class='ocrx_word' id='word_1_599' title='bbox 3152 3799 3348 3862; x_wconf 86' lang='lat' dir='ltr'><strong>scien-</strong></span> 
     </span>
     <span class='ocr_line' id='line_1_92' title="bbox 1789 3891 3348 3972; baseline 0.001 -20"><span class='ocrx_word' id='word_1_600' title='bbox 1789 3891 1872 3953; x_wconf 84' lang='lat' dir='ltr'><strong>tia</strong></span> <span class='ocrx_word' id='word_1_601' title='bbox 1903 3891 2127 3953; x_wconf 87' lang='lat' dir='ltr'><strong>eadem</strong></span> <span class='ocrx_word' id='word_1_602' title='bbox 2166 3895 2261 3952; x_wconf 88' lang='lat' dir='ltr'><strong>est</strong></span> <span class='ocrx_word' id='word_1_603' title='bbox 2286 3891 2443 3952; x_wconf 87' lang='lat' dir='ltr'><strong>ratio</strong></span> <span class='ocrx_word' id='word_1_604' title='bbox 2482 3891 2561 3952; x_wconf 88' lang='lat' dir='ltr'><strong>de</strong></span> <span class='ocrx_word' id='word_1_605' title='bbox 2603 3898 2893 3972; x_wconf 84' lang='lat' dir='ltr'><strong>utroque.</strong></span> <span class='ocrx_word' id='word_1_606' title='bbox 2936 3893 3199 3967; x_wconf 66' lang='lat' dir='ltr'><strong>Bonav„</strong></span> <span class='ocrx_word' id='word_1_607' title='bbox 3230 3897 3348 3954; x_wconf 84' lang='lat' dir='ltr'><strong>art.</strong></span> 
     </span>
     <span class='ocr_line' id='line_1_93' title="bbox 1787 3983 3355 4065; baseline -0.001 -18"><span class='ocrx_word' id='word_1_608' title='bbox 1787 3985 1849 4054; x_wconf 72' lang='lat'><strong>2,</strong></span> <span class='ocrx_word' id='word_1_609' title='bbox 1881 4005 1942 4065; x_wconf 87' lang='grc'><strong>8.</strong></span> <span class='ocrx_word' id='word_1_610' title='bbox 1980 3987 2039 4052; x_wconf 85' lang='grc'><strong>3,</strong></span> <span class='ocrx_word' id='word_1_611' title='bbox 2072 3991 2135 4046; x_wconf 87' lang='lat' dir='ltr'><strong>et</strong></span> <span class='ocrx_word' id='word_1_612' title='bbox 2150 3983 2371 4060; x_wconf 83' lang='lat' dir='ltr'><strong>Gabr.,</strong></span> <span class='ocrx_word' id='word_1_613' title='bbox 2394 4001 2457 4064; x_wconf 85' lang='lat' dir='ltr'><strong>q.</strong></span> <span class='ocrx_word' id='word_1_614' title='bbox 2496 3987 2556 4056; x_wconf 79' lang='lat'><strong>1,</strong></span> <span class='ocrx_word' id='word_1_615' title='bbox 2586 3989 2703 4046; x_wconf 83' lang='lat' dir='ltr'><strong>art.</strong></span> <span class='ocrx_word' id='word_1_616' title='bbox 2740 3986 2798 4051; x_wconf 81' lang='lat'><strong>1.</strong></span> <span class='ocrx_word' id='word_1_617' title='bbox 2824 3990 3061 4064; x_wconf 87' lang='lat' dir='ltr'><strong>negant</strong></span> <span class='ocrx_word' id='word_1_618' title='bbox 3087 4001 3355 4064; x_wconf 82' lang='lat' dir='ltr'><strong>cognos-</strong></span> 
     </span>
     <span class='ocr_line' id='line_1_94' title="bbox 1791 4077 3346 4152; baseline 0.001 -12"><span class='ocrx_word' id='word_1_619' title='bbox 1791 4079 1844 4140; x_wconf 92' lang='lat' dir='ltr'><strong>ci</strong></span> <span class='ocrx_word' id='word_1_620' title='bbox 1871 4079 2083 4140; x_wconf 86' lang='lat' dir='ltr'><strong>omnia</strong></span> <span class='ocrx_word' id='word_1_621' title='bbox 2124 4078 2333 4151; x_wconf 89' lang='lat' dir='ltr'><strong>simul,</strong></span> <span class='ocrx_word' id='word_1_622' title='bbox 2364 4077 2677 4138; x_wconf 85' lang='lat' dir='ltr'><strong>affirmant</strong></span> <span class='ocrx_word' id='word_1_623' title='bbox 2708 4082 2917 4140; x_wconf 86' lang='lat' dir='ltr'><strong>tamen</strong></span> <span class='ocrx_word' id='word_1_624' title='bbox 2949 4080 3301 4142; x_wconf 83' lang='lat' dir='ltr'><strong>successivo</strong></span> <span class='ocrx_word' id='word_1_625' title='bbox 3330 4099 3346 4152; x_wconf 87' lang='lat'><strong>;</strong></span> 
     </span>
     <span class='ocr_line' id='line_1_95' title="bbox 1791 4169 3353 4254; baseline 0.002 -23"><span class='ocrx_word' id='word_1_626' title='bbox 1791 4173 1963 4254; x_wconf 86' lang='lat' dir='ltr'><strong>qnod</strong></span> <span class='ocrx_word' id='word_1_627' title='bbox 1992 4172 2179 4234; x_wconf 86' lang='grc'><strong>811818</strong></span> <span class='ocrx_word' id='word_1_628' title='bbox 2201 4189 2239 4231; x_wconf 87' lang='grc'><strong>8</strong></span> <span class='ocrx_word' id='word_1_629' title='bbox 2266 4169 2449 4231; x_wconf 88' lang='lat' dir='ltr'><strong>nobis</strong></span> <span class='ocrx_word' id='word_1_630' title='bbox 2474 4169 2775 4250; x_wconf 85' lang='lat' dir='ltr'><strong>rejectum</strong></span> <span class='ocrx_word' id='word_1_631' title='bbox 2804 4176 2917 4248; x_wconf 88' lang='lat' dir='ltr'><strong>est,</strong></span> <span class='ocrx_word' id='word_1_632' title='bbox 2952 4175 3082 4233; x_wconf 85' lang='lat' dir='ltr'><strong>tum</strong></span> <span class='ocrx_word' id='word_1_633' title='bbox 3113 4171 3260 4252; x_wconf 81' lang='grc'><strong>8818</strong></span> <span class='ocrx_word' id='word_1_634' title='bbox 3290 4173 3353 4234; x_wconf 88' lang='grc'><strong>18</strong></span> 
     </span>
     <span class='ocr_line' id='line_1_96' title="bbox 1791 4263 3357 4340; baseline 0.001 -14"><span class='ocrx_word' id='word_1_635' title='bbox 1791 4265 1894 4328; x_wconf 88' lang='grc'><strong>1118</strong></span> <span class='ocrx_word' id='word_1_636' title='bbox 1935 4265 2175 4326; x_wconf 79' lang='lat' dir='ltr'><strong>visione</strong></span> <span class='ocrx_word' id='word_1_637' title='bbox 2229 4263 2399 4324; x_wconf 87' lang='grc'><strong>88118</strong></span> <span class='ocrx_word' id='word_1_638' title='bbox 2434 4268 2529 4325; x_wconf 88' lang='grc'><strong>881</strong></span> <span class='ocrx_word' id='word_1_639' title='bbox 2583 4265 2895 4326; x_wconf 85' lang='lat' dir='ltr'><strong>successio</strong></span> <span class='ocrx_word' id='word_1_640' title='bbox 2928 4287 2946 4340; x_wconf 85' lang='lat'>3</span> <span class='ocrx_word' id='word_1_641' title='bbox 2983 4272 3112 4326; x_wconf 89' lang='lat' dir='ltr'><strong>tum</strong></span> <span class='ocrx_word' id='word_1_642' title='bbox 3162 4266 3357 4327; x_wconf 86' lang='lat' dir='ltr'><strong>etiam</strong></span> 
     </span>
     <span class='ocr_line' id='line_1_97' title="bbox 1793 4355 3351 4438; baseline 0.002 -20"><span class='ocrx_word' id='word_1_643' title='bbox 1793 4360 1938 4438; x_wconf 86' lang='grc'><strong>8818</strong></span> <span class='ocrx_word' id='word_1_644' title='bbox 1968 4355 2212 4418; x_wconf 84' lang='lat' dir='ltr'><strong>infinita</strong></span> <span class='ocrx_word' id='word_1_645' title='bbox 2255 4356 2619 4436; x_wconf 83' lang='lat' dir='ltr'><strong>pertransiri</strong></span> <span class='ocrx_word' id='word_1_646' title='bbox 2650 4375 2777 4419; x_wconf 92' lang='lat' dir='ltr'><strong>non</strong></span> <span class='ocrx_word' id='word_1_647' title='bbox 2826 4365 3123 4436; x_wconf 86' lang='lat' dir='ltr'><strong>possunt3</strong></span> <span class='ocrx_word' id='word_1_648' title='bbox 3159 4358 3351 4435; x_wconf 89' lang='lat' dir='ltr'><strong>uude,</strong></span> 
     </span>
     <span class='ocr_line' id='line_1_98' title="bbox 1792 4449 3357 4532; baseline 0 -18"><span class='ocrx_word' id='word_1_649' title='bbox 1792 4455 1841 4514; x_wconf 90' lang='lat' dir='ltr'><strong>si</strong></span> <span class='ocrx_word' id='word_1_650' title='bbox 1877 4450 2061 4513; x_wconf 87' lang='lat' dir='ltr'><strong>simul</strong></span> <span class='ocrx_word' id='word_1_651' title='bbox 2112 4469 2240 4512; x_wconf 90' lang='lat' dir='ltr'><strong>non</strong></span> <span class='ocrx_word' id='word_1_652' title='bbox 2293 4449 2607 4524; x_wconf 82' lang='lat' dir='ltr'><strong>videntur,</strong></span> <span class='ocrx_word' id='word_1_653' title='bbox 2647 4469 2767 4513; x_wconf 91' lang='lat' dir='ltr'><strong>nec</strong></span> <span class='ocrx_word' id='word_1_654' title='bbox 2819 4450 3015 4513; x_wconf 79' lang='lat' dir='ltr'><strong>videri</strong></span> <span class='ocrx_word' id='word_1_655' title='bbox 3059 4457 3357 4532; x_wconf 87' lang='lat' dir='ltr'><strong>poterunt</strong></span> 
     </span>
     <span class='ocr_line' id='line_1_99' title="bbox 1793 4543 3357 4624; baseline -0.001 -17"><span class='ocrx_word' id='word_1_656' title='bbox 1793 4546 2005 4607; x_wconf 88' lang='grc'><strong>018818</strong></span> <span class='ocrx_word' id='word_1_657' title='bbox 2046 4543 2420 4606; x_wconf 83' lang='lat' dir='ltr'><strong>successive.</strong></span> <span class='ocrx_word' id='word_1_658' title='bbox 2466 4543 2786 4619; x_wconf 69' lang='lat' dir='ltr'><strong>Richard„</strong></span> <span class='ocrx_word' id='word_1_659' title='bbox 2828 4549 2943 4606; x_wconf 85' lang='lat' dir='ltr'><strong>art.</strong></span> <span class='ocrx_word' id='word_1_660' title='bbox 2980 4547 3045 4618; x_wconf 82' lang='lat'><strong>2,</strong></span> <span class='ocrx_word' id='word_1_661' title='bbox 3077 4562 3137 4624; x_wconf 89' lang='lat' dir='ltr'><strong>q.</strong></span> <span class='ocrx_word' id='word_1_662' title='bbox 3170 4547 3234 4616; x_wconf 85' lang='lat'><strong>3,</strong></span> <span class='ocrx_word' id='word_1_663' title='bbox 3268 4543 3357 4607; x_wconf 90' lang='lat' dir='ltr'><strong>di·</strong></span> 
     </span>
     <span class='ocr_line' id='line_1_100' title="bbox 1791 4635 3357 4719; baseline -0.002 -18"><span class='ocrx_word' id='word_1_664' title='bbox 1791 4641 1895 4712; x_wconf 88' lang='lat' dir='ltr'><strong>cit,</strong></span> <span class='ocrx_word' id='word_1_665' title='bbox 1921 4656 2305 4719; x_wconf 83' lang='lat' dir='ltr'><strong>cognoscere</strong></span> <span class='ocrx_word' id='word_1_666' title='bbox 2347 4635 2565 4700; x_wconf 88' lang='lat' dir='ltr'><strong>Christi</strong></span> <span class='ocrx_word' id='word_1_667' title='bbox 2622 4637 2897 4699; x_wconf 85' lang='lat' dir='ltr'><strong>animam</strong></span> <span class='ocrx_word' id='word_1_668' title='bbox 2956 4639 3165 4698; x_wconf 87' lang='lat' dir='ltr'><strong>omnia</strong></span> <span class='ocrx_word' id='word_1_669' title='bbox 3213 4655 3357 4717; x_wconf 77' lang='lat' dir='ltr'><strong>quae,</strong></span> 
     </span>
     <span class='ocr_line' id='line_1_101' title="bbox 1789 4725 3359 4805; baseline 0 -15"><span class='ocrx_word' id='word_1_670' title='bbox 1789 4729 1996 4791; x_wconf 84' lang='lat' dir='ltr'><strong>futura</strong></span> <span class='ocrx_word' id='word_1_671' title='bbox 2026 4734 2172 4789; x_wconf 88' lang='lat' dir='ltr'><strong>sunt</strong></span> <span class='ocrx_word' id='word_1_672' title='bbox 2214 4727 2279 4787; x_wconf 91' lang='lat' dir='ltr'><strong>in</strong></span> <span class='ocrx_word' id='word_1_673' title='bbox 2316 4743 2580 4787; x_wconf 86' lang='lat' dir='ltr'><strong>numero</strong></span> <span class='ocrx_word' id='word_1_674' title='bbox 2609 4727 2709 4788; x_wconf 80' lang='lat' dir='ltr'><strong>vel</strong></span> <span class='ocrx_word' id='word_1_675' title='bbox 2750 4732 3033 4805; x_wconf 88' lang='lat' dir='ltr'><strong>tempore</strong></span> <span class='ocrx_word' id='word_1_676' title='bbox 3062 4725 3263 4801; x_wconf 83' lang='lat' dir='ltr'><strong>finito,</strong></span> <span class='ocrx_word' id='word_1_677' title='bbox 3287 4733 3359 4790; x_wconf 85' lang='lat' dir='ltr'><strong>ut</strong></span> 
     </span>
    </p>
   </div>
   <div class='ocr_carea' id='block_1_11' title="bbox 1788 4817 3364 5645">
    <p class='ocr_par' dir='ltr' id='par_1_15' title="bbox 1788 4817 3364 5645">
     <span class='ocr_line' id='line_1_102' title="bbox 1789 4817 3353 4891; baseline -0.001 -9"><span class='ocrx_word' id='word_1_678' title='bbox 1789 4821 2109 4883; x_wconf 85' lang='lat' dir='ltr'><strong>individua</strong></span> <span class='ocrx_word' id='word_1_679' title='bbox 2144 4821 2657 4891; x_wconf 83' lang='lat' dir='ltr'><strong>substantiarum,</strong></span> <span class='ocrx_word' id='word_1_680' title='bbox 2686 4825 2749 4880; x_wconf 90' lang='lat' dir='ltr'><strong>et</strong></span> <span class='ocrx_word' id='word_1_681' title='bbox 2769 4817 3016 4891; x_wconf 81' lang='lat' dir='ltr'><strong>similia,</strong></span> <span class='ocrx_word' id='word_1_682' title='bbox 3044 4837 3173 4879; x_wconf 90' lang='lat' dir='ltr'><strong>non</strong></span> <span class='ocrx_word' id='word_1_683' title='bbox 3202 4837 3353 4881; x_wconf 80' lang='lat' dir='ltr'><strong>vero</strong></span> 
     </span>
     <span class='ocr_line' id='line_1_103' title="bbox 1788 4911 3359 4996; baseline -0.003 -20"><span class='ocrx_word' id='word_1_684' title='bbox 1788 4915 2197 4996; x_wconf 85' lang='lat' dir='ltr'><strong>cogitationes</strong></span> <span class='ocrx_word' id='word_1_685' title='bbox 2224 4933 2444 4975; x_wconf 88' lang='lat' dir='ltr'><strong>omnes</strong></span> <span class='ocrx_word' id='word_1_686' title='bbox 2472 4913 2537 4974; x_wconf 87' lang='lat' dir='ltr'><strong>in</strong></span> <span class='ocrx_word' id='word_1_687' title='bbox 2566 4918 2870 4974; x_wconf 68' lang='lat' dir='ltr'><strong>aeternnm</strong></span> <span class='ocrx_word' id='word_1_688' title='bbox 2898 4911 3161 4973; x_wconf 79' lang='lat' dir='ltr'><strong>futuras.</strong></span> <span class='ocrx_word' id='word_1_689' title='bbox 3196 4911 3359 4972; x_wconf 83' lang='lat' dir='ltr'><strong>Fun·</strong></span> 
     </span>
     <span class='ocr_line' id='line_1_104' title="bbox 1791 5005 3360 5086; baseline -0.003 -17"><span class='ocrx_word' id='word_1_690' title='bbox 1791 5009 2157 5069; x_wconf 71' lang='lat' dir='ltr'><strong>dementum</strong></span> <span class='ocrx_word' id='word_1_691' title='bbox 2186 5025 2405 5068; x_wconf 85' lang='lat' dir='ltr'><strong>eorum</strong></span> <span class='ocrx_word' id='word_1_692' title='bbox 2436 5011 2552 5080; x_wconf 89' lang='lat' dir='ltr'><strong>cst,</strong></span> <span class='ocrx_word' id='word_1_693' title='bbox 2574 5005 2725 5084; x_wconf 89' lang='lat' dir='ltr'><strong>quia</strong></span> <span class='ocrx_word' id='word_1_694' title='bbox 2772 5023 2900 5066; x_wconf 91' lang='lat' dir='ltr'><strong>non</strong></span> <span class='ocrx_word' id='word_1_695' title='bbox 2926 5011 3128 5086; x_wconf 87' lang='lat' dir='ltr'><strong>potest</strong></span> <span class='ocrx_word' id='word_1_696' title='bbox 3170 5005 3360 5067; x_wconf 86' lang='lat' dir='ltr'><strong>intel-</strong></span> 
     </span>
     <span class='ocr_line' id='line_1_105' title="bbox 1789 5097 3363 5178; baseline -0.002 -15"><span class='ocrx_word' id='word_1_697' title='bbox 1789 5101 1988 5163; x_wconf 87' lang='lat' dir='ltr'><strong>lectus</strong></span> <span class='ocrx_word' id='word_1_698' title='bbox 2013 5105 2261 5163; x_wconf 86' lang='lat' dir='ltr'><strong>creatus</strong></span> <span class='ocrx_word' id='word_1_699' title='bbox 2288 5105 2431 5162; x_wconf 84' lang='lat' dir='ltr'><strong>actu</strong></span> <span class='ocrx_word' id='word_1_700' title='bbox 2455 5098 2779 5160; x_wconf 87' lang='lat' dir='ltr'><strong>attendere</strong></span> <span class='ocrx_word' id='word_1_701' title='bbox 2806 5097 2890 5158; x_wconf 81' lang='lat' dir='ltr'><strong>ad</strong></span> <span class='ocrx_word' id='word_1_702' title='bbox 2928 5099 3363 5178; x_wconf 64' lang='lat' dir='ltr'><strong>contemplum</strong></span> 
     </span>
     <span class='ocr_line' id='line_1_106' title="bbox 1789 5190 3363 5271; baseline -0.001 -15"><span class='ocrx_word' id='word_1_703' title='bbox 1789 5195 1870 5256; x_wconf 88' lang='lat' dir='ltr'><strong>da</strong></span> <span class='ocrx_word' id='word_1_704' title='bbox 1899 5195 2185 5257; x_wconf 89' lang='lat' dir='ltr'><strong>distincte</strong></span> <span class='ocrx_word' id='word_1_705' title='bbox 2212 5198 2275 5255; x_wconf 89' lang='lat' dir='ltr'><strong>et</strong></span> <span class='ocrx_word' id='word_1_706' title='bbox 2302 5193 2469 5254; x_wconf 84' lang='lat' dir='ltr'><strong>clare</strong></span> <span class='ocrx_word' id='word_1_707' title='bbox 2499 5191 2765 5266; x_wconf 80' lang='lat' dir='ltr'><strong>infinita,</strong></span> <span class='ocrx_word' id='word_1_708' title='bbox 2791 5191 2939 5271; x_wconf 87' lang='grc'><strong>8818</strong></span> <span class='ocrx_word' id='word_1_709' title='bbox 2970 5190 3053 5254; x_wconf 86' lang='lat' dir='ltr'><strong>ad</strong></span> <span class='ocrx_word' id='word_1_710' title='bbox 3096 5191 3219 5254; x_wconf 91' lang='lat' dir='ltr'><strong>hoc</strong></span> <span class='ocrx_word' id='word_1_711' title='bbox 3262 5211 3363 5254; x_wconf 88' lang='lat' dir='ltr'><strong>re·</strong></span> 
     </span>
     <span class='ocr_line' id='line_1_107' title="bbox 1790 5285 3364 5368; baseline -0.005 -19"><span class='ocrx_word' id='word_1_712' title='bbox 1790 5287 2061 5368; x_wconf 86' lang='lat' dir='ltr'><strong>quiritur</strong></span> <span class='ocrx_word' id='word_1_713' title='bbox 2115 5287 2357 5348; x_wconf 81' lang='lat' dir='ltr'><strong>infinita</strong></span> <span class='ocrx_word' id='word_1_714' title='bbox 2403 5286 2603 5346; x_wconf 87' lang='lat' dir='ltr'><strong>virtus</strong></span> <span class='ocrx_word' id='word_1_715' title='bbox 2632 5291 2694 5346; x_wconf 93' lang='lat' dir='ltr'><strong>et</strong></span> <span class='ocrx_word' id='word_1_716' title='bbox 2722 5285 3021 5358; x_wconf 77' lang='lat' dir='ltr'><strong>ottenti0,&#39;</strong></span> <span class='ocrx_word' id='word_1_717' title='bbox 3043 5289 3106 5346; x_wconf 88' lang='lat' dir='ltr'><strong>ct</strong></span> <span class='ocrx_word' id='word_1_718' title='bbox 3142 5299 3364 5344; x_wconf 81' lang='lat' dir='ltr'><strong>consc-</strong></span> 
     </span>
     <span class='ocr_line' id='line_1_108' title="bbox 1792 5373 3363 5463; baseline -0.006 -19"><span class='ocrx_word' id='word_1_719' title='bbox 1792 5389 2060 5463; x_wconf 87' lang='lat' dir='ltr'><strong>quenter</strong></span> <span class='ocrx_word' id='word_1_720' title='bbox 2084 5379 2362 5442; x_wconf 85' lang='lat' dir='ltr'><strong>infinitus</strong></span> <span class='ocrx_word' id='word_1_721' title='bbox 2394 5385 2613 5452; x_wconf 86' lang='lat' dir='ltr'><strong>actus;</strong></span> <span class='ocrx_word' id='word_1_722' title='bbox 2648 5377 2759 5440; x_wconf 83' lang='lat' dir='ltr'><strong>sed</strong></span> <span class='ocrx_word' id='word_1_723' title='bbox 2788 5393 2929 5458; x_wconf 82' lang='lat' dir='ltr'><strong>quae</strong></span> <span class='ocrx_word' id='word_1_724' title='bbox 2976 5375 3142 5440; x_wconf 90' lang='lat' dir='ltr'><strong>Deus</strong></span> <span class='ocrx_word' id='word_1_725' title='bbox 3192 5373 3363 5436; x_wconf 86' lang='lat' dir='ltr'><strong>videt</strong></span> 
     </span>
     <span class='ocr_line' id='line_1_109' title="bbox 1793 5469 3362 5550; baseline -0.004 -12"><span class='ocrx_word' id='word_1_726' title='bbox 1793 5478 2052 5540; x_wconf 86' lang='lat' dir='ltr'><strong>scientia</strong></span> <span class='ocrx_word' id='word_1_727' title='bbox 2092 5475 2375 5550; x_wconf 81' lang='lat' dir='ltr'><strong>visionis,</strong></span> <span class='ocrx_word' id='word_1_728' title='bbox 2406 5481 2549 5538; x_wconf 90' lang='lat' dir='ltr'><strong>sunt</strong></span> <span class='ocrx_word' id='word_1_729' title='bbox 2592 5478 2737 5536; x_wconf 85' lang='lat' dir='ltr'><strong>actu</strong></span> <span class='ocrx_word' id='word_1_730' title='bbox 2788 5471 3053 5546; x_wconf 80' lang='lat' dir='ltr'><strong>infinita,</strong></span> <span class='ocrx_word' id='word_1_731' title='bbox 3100 5477 3163 5536; x_wconf 87' lang='grc'><strong>81</strong></span> <span class='ocrx_word' id='word_1_732' title='bbox 3206 5469 3362 5532; x_wconf 81' lang='lat' dir='ltr'><strong>visio</strong></span> 
     </span>
     <span class='ocr_line' id='line_1_110' title="bbox 1794 5565 2966 5645; baseline -0.009 -10"><span class='ocrx_word' id='word_1_733' title='bbox 1794 5569 2015 5635; x_wconf 85' lang='lat' dir='ltr'><strong>Christi</strong></span> <span class='ocrx_word' id='word_1_734' title='bbox 2044 5569 2393 5634; x_wconf 79' lang='lat' dir='ltr'><strong>necessario</strong></span> <span class='ocrx_word' id='word_1_735' title='bbox 2415 5573 2510 5630; x_wconf 88' lang='lat' dir='ltr'><strong>est</strong></span> <span class='ocrx_word' id='word_1_736' title='bbox 2540 5565 2712 5630; x_wconf 82' lang='lat' dir='ltr'><strong>finita</strong></span> <span class='ocrx_word' id='word_1_737' title='bbox 2738 5582 2757 5644; x_wconf 83' lang='lat'><em>3</em></span> <span class='ocrx_word' id='word_1_738' title='bbox 2792 5585 2966 5645; x_wconf 85' lang='lat' dir='ltr'><strong>crgo.</strong></span> 
     </span>
    </p>
   </div>
  </div>
 </body>
</html>
