3892 6167
543 339 621 400 ’ἵῦ

541 444 922 520 sufficiebat;
981 459 1190 526 neque
1243 441 1324 504 ad
1385 441 1929 526 supernaturalem
1978 458 2095 504 seu

540 539 809 603 infusam
831 537 1276 620 cognitionem,
1313 538 1482 618 quia,
1531 537 1689 602 sicut
1730 537 1837 600 illa
1881 536 2099 600 anima

535 633 822 716 proxime
849 633 969 696 fuit
991 632 1200 695 Verbo
1252 632 1614 713 conjuncta,
1641 631 1732 694 ita
1783 649 1898 713 per
1925 629 2097 694 illius

539 723 970 791 immediatum
1008 726 1316 788 influxum
1369 725 1730 808 hujusmodi
1771 725 2096 790 scientiam

541 823 806 903 accepit.
836 821 1038 898 Adde,
1067 820 1382 884 rationem
1413 820 1824 901 praecedentis
1853 817 2095 884 articuli

541 914 730 986 etiam
753 917 837 978 ad
857 917 1022 979 hanc
1055 914 1520 978 conclusionem
1548 915 1850 996 applicari
1883 931 2094 996 posse,

541 1009 838 1086 quoniam
869 1007 1146 1072 Christus
1171 1026 1299 1070 non
1329 1009 1535 1070 solum
1572 1008 1924 1081 hominum,
1982 1007 2098 1071 sed

543 1103 928 1182 Angelorum
955 1103 1142 1166 etiam
1166 1103 1392 1164 Doctor
1415 1101 1644 1178 existit,
1678 1107 1832 1164 teste
1859 1101 2099 1182 Diony·-

541 1199 660 1274 sio,
693 1216 748 1262 c.
771 1199 834 1275 6,
861 1197 940 1259 de
967 1195 1206 1260 Coelest.
1230 1195 1488 1272 hierar„
1505 1196 1616 1259 ubi
1645 1197 1750 1272 ait,
1784 1195 2097 1258 Christum

543 1292 812 1373 Angelos
847 1292 1242 1369 illuminare3
1295 1309 1623 1372 nunquam
1671 1307 1824 1373 ergo
1865 1288 2097 1354 abillis

539 1384 922 1448 illuminatus
947 1391 1060 1448 est.

617 1483 680 1542 2.
723 1478 993 1561 Anqelm
1019 1481 1285 1562 qualiter
1321 1481 1390 1543 in
1418 1480 1590 1544 horto
1623 1477 1935 1544 Christum
1964 1495 2103 1544 oon·

535 1579 750 1648 fao-tat.
779 1606 862 1622 -
885 1575 958 1634 In
989 1574 1300 1636 solutione
1323 1573 1406 1636 ad
1433 1573 1730 1653 primum,
1763 1577 1991 1636 tractat
2024 1573 2093 1634 D.

535 1665 808 1728 Thomas
835 1667 1046 1730 locum
1085 1668 1264 1730 illum
1303 1668 1448 1730 Luc.
1481 1669 1606 1729 22:
1645 1666 1965 1750 Apparuit
1990 1684 2099 1730 atc-

537 1765 654 1825 tem
681 1760 780 1824 illi
800 1759 1076 1842 Anystus
1117 1761 1187 1824 do
1213 1761 1373 1833 ooelo,
1419 1761 1772 1837 confortans
1807 1777 1963 1836 eum,
1990 1760 2097 1840 qui

536 1853 870 1934 dupliciter
919 1873 958 1914 a
988 1853 1274 1916 Patribus
1303 1854 1654 1935 exponitur.
1700 1855 1928 1930 Primo,
1980 1853 2101 1916 mi-

537 1965 660 2010 nus
695 1950 969 2030 proprie,
1022 1953 1085 2010 et
1117 1949 1300 2028 quasi
1353 1967 1466 2028 per
1517 1949 1857 2028 quemdam
1899 1955 2097 2012 meta-

536 2040 827 2121 phoram,
862 2048 953 2116 ut,
983 2041 1244 2119 scilicet,
1269 2041 1422 2103 illud
1449 2045 1818 2122 confortare,
1855 2061 1985 2105 non
2014 2043 2099 2104 si-

537 2133 792 2214 gnificet
836 2137 1142 2210 animare,
1169 2135 1310 2214 [seu
1367 2136 1449 2198 ad
1493 2136 1736 2199 fortiter
1778 2136 2098 2216 agendum

537 2229 828 2304 excitano,
857 2229 965 2292 sed
988 2229 1198 2310 potius
1215 2229 1648 2292 fortitudinem
1681 2229 1902 2292 Christi
1932 2247 2099 2309 prae-

534 2319 768 2397 dicare,
800 2324 962 2384 sicut
1003 2341 1116 2386 nos
1143 2323 1412 2387 dicimur
1434 2323 1841 2404 magnificare
1869 2323 2094 2400 Deum,

535 2433 682 2478 cum
721 2416 1224 2497 magnitudinem
1254 2418 1392 2498 ejus
1417 2416 1854 2497 praedicamus.
1878 2418 1971 2479 lta
1996 2435 2097 2478 ex·

535 2508 716 2589 ponit
746 2508 1249 2591 chrysostomum,
1292 2517 1448 2572 tom.
1479 2513 1539 2586 5,
1587 2511 1758 2572 hom.
1789 2509 1868 2572 de
1893 2510 2099 2570 Trini-

533 2609 704 2677 tate;
761 2603 1014 2684 Epiph„
1059 2604 1281 2666 haereS.
1309 2605 1411 2677 69,
1443 2604 1552 2682 qui
1577 2603 1730 2665 dicit
1783 2603 2097 2684 Angelum

536 2699 920 2762 confortasse
945 2699 1256 2762 Christum
1302 2699 1485 2778 quasi
1527 2697 1896 2762 admirando
1923 2698 2097 2761 forti·-

533 2791 819 2855 tudinem
843 2793 1004 2871 eJuS,
1041 2800 1104 2856 et
1133 2792 1476 2870 laudando,
1501 2798 1566 2854 et
1611 2791 1923 2854 dicendo:
1958 2791 2097 2857 Tua

532 2891 626 2949 est
649 2884 942 2965 potentia,
975 2884 1252 2960 Domine,
1282 2891 1392 2950 tua
1427 2890 1519 2951 est
1557 2886 1880 2962 fortitudo,
1917 2890 2037 2947 etc.
2070 2905 2089 2960 ς

531 2979 816 3058 sequitur
866 2979 1320 3061 Theophylact.
1345 3023 1362 3052 ,
1407 2980 1594 3042 Lucae
1639 2980 1740 3042 22.
1801 2978 2091 3041 Secundo

529 3071 846 3152 propriuS‚
879 3079 942 3136 et
972 3074 1066 3151 (ut
1099 3091 1220 3154 ego
1247 3072 1556 3150 existimo)
1609 3073 1814 3152 magis
1841 3071 1926 3134 ad
1954 3089 2091 3136 rem

532 3169 888 3246 exponitur,
947 3167 1258 3245 Angelum
1319 3165 1702 3228 confortasse
1749 3165 2088 3242 Christum,

530 3259 944 3338 proponendo
971 3260 1249 3322 rationes
1269 3277 1412 3337 quae
1459 3266 1720 3339 possent
1772 3258 2093 3321 tristitiam

531 3353 671 3432 ejus
689 3353 912 3429 lenire,
944 3360 1006 3416 et
1049 3353 1404 3416 inferiorem
1451 3353 1804 3432 portionem
1845 3352 2093 3414 confor-

527 3453 661 3509 tare
677 3469 697 3522 ;
732 3445 902 3507 unde
929 3464 1060 3507 non
1088 3445 1177 3521 nt,
1209 3446 1520 3527 Angelum
1559 3446 1846 3509 docuisse
1885 3447 2089 3508 Chris·

528 3546 659 3602 tum
683 3555 704 3618 3
736 3557 864 3602 non
883 3539 1052 3601 enim
1081 3547 1414 3620 propterea
1463 3540 1543 3602 ad
1579 3540 1756 3602 illum
1785 3557 1932 3602 eum
1963 3559 2091 3602 ser-

527 3651 782 3696 monem
831 3633 1076 3708 habuit,
1127 3634 1276 3713 quia
1325 3635 1604 3697 Christus
1668 3653 1776 3696 eas
1813 3635 2090 3697 rationes

526 3726 870 3808 ignoraret,
905 3727 1008 3790 vel
1063 3727 1200 3790 illas
1227 3745 1344 3808 per
1394 3747 1462 3792 se
1499 3728 1902 3791 considerare
1958 3746 2089 3790 non

526 3827 756 3898 posset,
789 3820 902 3882 sed
925 3820 1074 3900 quia
1101 3822 1191 3883 ita
1215 3839 1330 3900 per
1353 3821 1666 3885 rationem
1695 3820 2091 3902 superiorem

526 3911 1154 3989 illas-considerabat,
1211 3921 1282 3977 ut
1323 3915 1567 3978 nullum
1615 3915 1764 3977 inde
1795 3915 2087 3976 solatium

524 4009 974 4070 communicari
1021 4009 1401 4088 permitteret
1455 4008 1740 4071 inferiori
1791 4009 1982 4089 parti,
2026 4017 2088 4072 et

525 4107 596 4162 ut
621 4102 822 4180 magis
845 4105 1160 4164 constaret
1187 4103 1418 4165 veritas
1451 4101 1766 4181 passionis
1795 4103 1953 4182 ejus,
1980 4121 2087 4164 vo-

525 4194 640 4256 luit
665 4194 950 4274 angelico
974 4195 1324 4258 ministerio
1354 4196 1632 4258 rationes
1679 4195 1818 4257 illas
1849 4215 2087 4276 propo·

524 4286 615 4363 ni,
649 4293 712 4350 et
755 4287 938 4365 quasi
963 4287 1034 4348 in
1097 4287 1470 4350 memoriam
1521 4290 1820 4351 revocari.
1866 4292 1942 4353 Et
1971 4292 2090 4352 hoc

525 4379 714 4442 modo
743 4378 970 4441 dicitur
997 4379 1295 4460 AngeluS,
1340 4386 1648 4459 quantum
1699 4381 1766 4442 in
1820 4401 1890 4444 se
1927 4391 2088 4461 erat,

524 4472 910 4534 confortasse
933 4471 1266 4548 Christum,
1316 4491 1682 4553 quanquam
1717 4475 1850 4555 ipse
1879 4495 2090 4557 neque

523 4565 678 4628 illud
703 4565 1152 4628 consolationis
1185 4583 1386 4645 genus
1428 4574 1756 4647 acceptare
1781 4569 1955 4632 visus
1982 4571 2084 4648 sit,

525 4659 734 4722 statim
765 4658 932 4722 enim
952 4663 1155 4736 factus
1179 4660 1248 4720 in
1275 4661 1498 4738 ayonia
1509 4660 1822 4740 prolixius
1845 4665 2081 4730 orabat.

521 4751 598 4812 Et
626 4751 787 4814 hanc
810 4750 1266 4831 expositionem
1294 4752 1498 4832 magis
1509 4753 1748 4816 indicat
1763 4757 1836 4816 D.
1855 4757 2079 4819 Thom.

525 4846 649 4922 hic,
677 4863 868 4926 quam
899 4865 976 4909 ex
1016 4846 1198 4909 Beda⁴
1221 4847 1434 4923 refert,
1489 4849 1638 4912 Luc.
1671 4851 1750 4913 22
1778 4869 1796 4924 ς
1825 4851 1940 4916 sed
1992 4861 2085 4916 est

525 4939 718 5002 etiam
749 4939 1146 5020 Hieronym„
1173 4940 1319 5002 dial.
1363 4944 1404 5004 2
1446 4948 1616 5005 cont.
1657 4943 2029 5024 Pelagianos
2061 4965 2078 5023 ς

524 5031 810 5108 flil.‚1ih.
840 5035 919 5096 10
956 5033 1036 5094 de
1058 5034 1228 5096 Trin.
1262 5055 1278 5108 ς
1325 5035 1512 5116 Cyril.
1545 5035 1750 5113 Alex„
1778 5039 1963 5118 epist.
1990 5043 2033 5102 9
2062 5059 2078 5116 ;

523 5124 731 5200 Bam„
763 5125 872 5188 lib.
903 5129 941 5188 3
969 5126 1048 5188 de
1081 5125 1243 5204 Fid„
1275 5147 1332 5192 c.
1371 5131 1494 5206 203
1528 5135 1590 5192 et
1633 5131 1843 5210 Rern„
1889 5150 2077 5198 serm.

523 5221 554 5280 1
585 5217 660 5282 de
689 5217 918 5282 Sancto
949 5217 1221 5282 Andrea.

1777 337 2014 404 QUAES‘r.
2048 336 2155 395 ΧΠ.
2190 337 2389 394 Amic.
2428 337 2511 392 W.

2622 539 3093 604 DIBPUTATIO
3123 539 3335 614 XXX,

2538 689 2597 741 ln
2626 687 2761 742 duas
2786 689 3064 744 sectiones
3100 686 3442 744 distributa.

2177 848 2255 896 DE
2330 847 2732 898 mammons
2800 849 3091 899 summm
3148 848 3507 902 acomslmz
3578 853 3745 902 ,mm

2296 941 2535 990 cnnlsrr
2552 973 2575 1006 ,
2618 941 2699 990 m·
2744 941 2902 994 MODO
2942 945 3057 1000 QUO
3106 943 3315 992 Im
3356 943 3651 993 ourumrr.

2261 1101 2633 1182 Priusquam
2664 1104 3063 1184 inquiramus
3109 1104 3399 1168 modum
3432 1121 3559 1184 quo
3584 1109 3747 1170 scien·

2176 1193 2333 1256 tiam
2360 1195 2525 1257 hanc
2552 1196 2765 1258 anima
2804 1195 3029 1259 Christi
3086 1197 3540 1278 comparavit,
3590 1200 3747 1280 expli·

2176 1288 2447 1352 candum
2476 1295 2571 1352 est
2592 1289 2663 1352 in
2696 1307 2825 1372 quo
2881 1291 3310 1371 perfectionis
3358 1290 3567 1370 gradu
3602 1292 3743 1355 illam

2178 1381 2491 1458 habuerit,
2512 1399 2661 1445 nam
2686 1401 2765 1446 ex
2788 1385 2907 1446 hoc
2936 1385 3275 1466 principio
3313 1383 3484 1446 illud
3511 1385 3742 1448 maxima

2180 1495 2260 1538 ex
2278 1483 2453 1558 parte
2472 1476 2729 1557 pendet.
2776 1479 2847 1540 In
2890 1477 3307 1561 perfectione
3340 1483 3562 1541 autem
3588 1479 3741 1559 hnjus

2178 1571 2455 1634 scientiae
2484 1571 2879 1651 explicanda,
2929 1589 3191 1653 possem
3200 1589 3280 1633 us
3342 1571 3633 1634 eumdem
3667 1591 3743 1634 or-

2180 1665 2395 1726 dinem
2436 1670 2671 1742 tenere,
2712 1681 2907 1744 quem
2960 1667 3031 1727 in
3078 1665 3641 1748 disputationibus
3682 1667 3741 1726 de

2180 1759 2443 1821 scientia
2470 1757 2676 1820 infusa
2708 1759 2903 1821 secuti
2938 1775 3167 1821 sumus
3191 1776 3215 1838 3
3266 1760 3391 1821 sed
3446 1761 3591 1838 quia
3614 1777 3741 1840 pra*-

2177 1871 2321 1915 sens
2352 1853 2615 1914 materia
2640 1853 2867 1916 clarior
2888 1859 3006 1930 est,
3054 1853 3337 1916 brevius
3382 1851 3559 1914 illam
3586 1870 3737 1932 expe·

2176 1948 2445 2012 diemus.
2504 1947 2931 2028 Supponimus
2976 1947 3152 2008 enim
3206 1949 3393 2009 hanc
3448 1946 3737 2008 scientiam

2180 2060 2313 2104 esse
2342 2041 2627 2122 ejusdem
2654 2040 2919 2103 rationis
2942 2041 3318 2104 essentialis
3368 2046 3435 2102 et
3460 2037 3733 2119 specifice

2178 2154 2325 2198 cum
2352 2135 2613 2198 scientia
2634 2135 3031 2196 connaturali
3064 2134 3317 2196 animm
3348 2134 3658 2210 humanae,
3686 2139 3735 2192 ut

2178 2247 2257 2292 ex
2292 2228 2446 2308 ipsis
2475 2226 2757 2290 terminis
2798 2231 3061 2304 constat,
3096 2231 3165 2291 et
3191 2245 3277 2290 ex
3306 2243 3508 2306 supra
3544 2232 3733 2288 nacta-

2156 2324 2280 2397 ›tis,
2314 2323 2545 2402 disput.
2578 2324 2678 2395 45,
2708 2329 2856 2385 sect.
2886 2326 2947 2385 2.
2978 2322 3163 2384 Unde
3190 2321 3297 2398 fit,
3326 2321 3557 2384 eodem
3578 2318 3735 2379 modo

2176 2417 2749 2498 philosophandum
2770 2435 2909 2480 esse
2930 2417 3010 2478 de
3023 2416 3313 2495 objectO,
3338 2414 3603 2484 actibuS‚
3620 2429 3732 2492 spe-

2178 2510 2396 2573 ciebus
2430 2517 2491 2572 et
2514 2511 2835 2572 habitibus
2884 2511 2941 2590 ej
2950 2527 3023 2572 ns
3048 2509 3351 2572 scientiae
3403 2510 3473 2570 in
3499 2504 3729 2576 Christo,

2178 2602 2347 2664 acin
2398 2603 2535 2664 aliis
2564 2604 2948 2679 hominibuS,
2992 2603 3169 2682 quod
3220 2603 3313 2664 ad
3366 2598 3727 2663 essentialem

2174 2695 2623 2776 perfectionem
2672 2697 2928 2772 attinet,
2987 2695 3239 2758 seclusa
3284 2693 3727 2776 imperfectione

2176 2788 2545 2869 opinionum
2574 2798 2635 2853 et
2656 2790 3038 2869 judiciorum
3062 2790 3499 2862 incertorum,
3528 2802 3653 2864 quas
3674 2784 3723 2844 in

2176 2885 2387 2946 anima
2406 2882 2625 2947 Christi
2645 2884 2857 2946 locum
2882 2901 3013 2944 non
3034 2881 3441 2954 habuerunt,
3474 2886 3543 2940 ut
3566 2894 3722 2956 supra

2174 2979 2468 3040 diximus.
2498 2977 2715 3040 Solum
2734 2995 2887 3056 ergo
2916 2982 3203 3056 superest
3240 2981 3317 3037 ut
3358 2973 3723 3052 inquiramus

2172 3071 2617 3153 perfectionem
2654 3070 2847 3148 hujus
2882 3069 3182 3145 scientiae,
3249 3065 3607 3130 secundum
3643 3079 3725 3124 ex·

2172 3164 2525 3228 tensionem
2552 3163 2637 3225 ad
2656 3161 2839 3243 plu‘ra
2865 3163 2962 3224 vel
2990 3163 3302 3242 pauciora
3352 3159 3597 3238 objecta
3622 3173 3727 3216 ma·

2172 3257 2441 3333 terialia,
2474 3265 2537 3319 et
2564 3257 2911 3320 secundum
2942 3254 3451 3337 dependentiam
3474 3271 3510 3314 a
3538 3265 3721 3329 corpo-

2172 3371 2239 3416 re
2266 3351 2675 3432 corruptibili.
2699 3353 2715 3360 ‘

2808 3538 3025 3592 ssscrto
3054 3539 3104 3593 1.-

2177 3667 2365 3724 Utrum
2416 3663 2663 3723 christus
2708 3681 2813 3740 per
2864 3665 3004 3724 hanc
3060 3669 3368 3726 scientiam
3434 3655 3715 3738 coynoverit

2242 3750 2429 3806 omnia
2452 3766 2573 3822 ‹111ae
2592 3749 2929 3808 naturaliter
2953 3754 3208 3826 coquosci
3236 3757 3485 3827 possunt
3511 3747 3575 3804 ab
3608 3743 3715 3801 ani-

2240 3849 2333 3892 ma
2362 3834 2621 3906 humana,
2654 3841 2767 3892 tam
2787 3837 3079 3910 conjuncta
3104 3851 3269 3909 quam
3300 3840 3579 3912 separata.

2252 4019 2311 4076 1.
2356 4013 2625 4086 Quaestio
2656 4016 2795 4079 hoec
2826 4015 3109 4096 procedit
3136 4016 3213 4078 de
3238 4016 3487 4080 Christo
3516 4013 3581 4073 in
3610 4014 3711 4069 sta-

2168 4115 2237 4170 tu
2254 4108 2410 4182 viam
2444 4127 2613 4172 nunc
2650 4111 2821 4172 enim
2850 4108 3111 4172 dubium
3138 4129 3269 4173 non
3295 4117 3391 4174 est
3420 4107 3571 4190 quin
3597 4105 3711 4207 hoeJ:

2170 4201 2383 4263 omnia
2434 4220 2547 4282 per
2577 4204 2743 4266 hanc
2800 4203 3124 4267 scientiam
3176 4207 3537 4286 cognoscat,
3581 4211 3708 4276 qula

2152 4295 2403 4372 anima,
2430 4303 2691 4378 propter
2712 4297 3217 4378 conjunctionem
3242 4299 3325 4361 ad
3354 4311 3575 4378 corpus
3600 4289 3710 4369 8¹⁰⁴

2170 4389 2432 4465 riosum,
2450 4407 2581 4452 non
2606 4392 2945 4471 impeditur
2964 4393 3302 4472 quominus
3326 4391 3596 4474 perfecte
3620 4398 3705 4443 co·

2170 4500 2477 4562 gnoscere
2504 4484 2703 4564 possit
2730 4486 2968 4561 omnia,
3018 4503 3160 4566 quae
3190 4483 3510 4566 cognoscit
3558 4491 3706 4555 sepa·

2170 4583 2333 4640 rata.
2358 4579 2447 4640 De
2488 4584 2655 4642 statu
2698 4586 2911 4642 autem
2938 4579 3057 4642 viae
3080 4589 3173 4644 est
3229 4581 3397 4643 clara
3428 4568 3701 4640 sententia

2167 4669 2239 4730 D.
2286 4669 2542 4732 Thomae
2568 4671 2639 4733 in
2667 4672 2766 4734 his
2793 4671 3091 4750 articuliS,
3156 4671 3465 4738 Christum
3523 4665 3702 4728 solum

2168 4764 2535 4844 cognovisse
2590 4783 2707 4846 per
2744 4767 2911 4828 hanc
2962 4765 3287 4829 scientiam
3334 4785 3409 4829 ea
3454 4777 3587 4842 quae
3636 4769 3697 4814 ex

2166 4858 2565 4923 sensibilibus
2594 4858 2854 4940 objectis
2890 4877 3002 4940 per
3028 4861 3511 4924 abstractionem
3546 4859 3603 4915 et
3626 4846 3698 4909 ef-

2164 4947 2503 5014 ficientiam
2546 4951 2899 5015 intellectus
2948 4955 3191 5034 agentis
3238 4948 3525 5034 cognosci
3570 4959 3695 5026 pos·

2166 5050 2355 5122 sunt3
2386 5049 2448 5106 et
2472 5044 2755 5124 loquitur
2780 5055 3258 5126 consequenter,
3292 5048 3438 5126 quia
3488 5051 3693 5120 suppo·

2162 5137 2262 5199 nit
2282 5138 2596 5199 Christum
2626 5139 2829 5200 solum
2858 5141 3113 5220 propria
3148 5141 3500 5204 inventione
3552 5133 3691 5192 hanc

2166 5231 2493 5294 scientiam
2516 5231 2937 5310 acquisivisse.
2973 5235 3051 5295 Et
3088 5231 3440 5296 confirmari
3486 5225 3685 5310 potest,

2166 5323 2319 5403 quia
2346 5322 2625 5388 Christus
2660 5325 3055 5405 dependebat
3076 5329 3137 5388 in
3170 5347 3289 5389 usu
3308 5327 3490 5405 hujus
3516 5317 3688 5381 scien·

2166 5416 2269 5478 tiae
2298 5435 2335 5478 a
2364 5417 2945 5496 phantasmatibus3
2978 5437 3126 5482 nam
3162 5420 3267 5482 hic
3299 5425 3391 5482 est
3414 5403 3684 5478 nataraliS

2170 5509 2394 5572 modus
2442 5511 2735 5590 operandi
2792 5513 3062 5576 scientiae
3116 5513 3431 5585 naturalis,
3460 5523 3561 5569 sau
3599 5515 3684 5560 ac«
