3892 6167
1309 368 1640 427 ulwurm.-
1666 369 1836 426 xmx.
1870 371 2041 428 sm.
2072 375 2155 428 m.

87 477 433 540 uitionem
463 472 659 551 illam,
698 473 1074 555 legitimam,
1105 479 1169 538 et
1203 479 1392 556 prout
1433 473 1516 536 ab
1554 473 1692 554 ipso

83 571 402 651 Concilio
429 569 732 645 manavit,
762 569 846 631 ad
871 585 1002 631 -nos
1049 569 1448 649 pervenisse,
1487 567 1696 630 nobis·-

86 683 240 746 que
277 681 426 727 esse
455 663 841 726 sufficienter
875 665 1287 743 propositam,
1319 679 1450 724 non
1479 661 1693 724 dubito

89 759 278 838 quin
327 758 564 838 obliget
601 755 686 819 ad
707 755 1092 820 credendum
1121 757 1200 818 de
1229 756 1356 818 fide
1386 756 1556 837 quod
1578 769 1695 836 pet

89 871 260 914 eam
293 851 628 915 definitum
659 855 778 926 est,
825 867 902 913 eo
933 867 1122 913 sensu
1169 864 1296 930 quo
1343 855 1440 912 est
1473 850 1692 912 defini·

93 952 278 1008 tum.
309 946 492 1008 Ratio
520 949 641 1021 est,
665 945 840 1024 quia,
869 943 1018 1008 licet
1045 943 1201 1006 illud
1220 943 1562 1007 Concilium
1587 962 1692 1024 ge·

1773 477 1991 536 tatem.
2019 475 2197 538 Hanc
2222 477 2637 555 posteriorem
2669 485 2915 560 partem
2952 495 3166 546 assero
3193 501 3336 564 prro-

1773 575 1920 647 pter
1956 569 2229 632 ratio-nes
2264 569 2595 634 dubitandi
2633 575 2924 654 superius
2970 578 3229 656 positas,
3270 583 3336 641 et

1772 663 2125 741 praesertim
2158 665 2309 743 quia
2336 664 2544 729 adhuc
2574 667 2820 748 ignoro,
2848 674 2912 732 et
2942 671 3115 750 apud
3136 672 3335 734 nemi·

1771 771 1921 816 nem
1962 754 2271 820 hactenus
2307 758 2525 840 legere
2554 760 2749 841 potui,
2786 777 2865 824 ex
2892 779 3019 842 quo
3048 765 3187 826 loco
3232 765 3333 828 vel

1771 850 2117 931 exemplari
2173 859 2490 934 sumptum
2538 853 2728 918 fuerit
2772 857 2893 920 hoc
2944 856 3291 922 Concilium
3310 903 3331 937 ,

1770 949 1957 1021 prout
1985 962 2156 1008 nune
2182 946 2367 1008 nobis
2394 947 2691 1012 traditum
2720 953 2815 1012 est
2835 999 2851 1026 ,
2882 955 2953 1012 ut
2980 957 3151 1014 certo
3176 949 3332 1014 mihi

91 1038 346 1101 nerale
379 1057 509 1100 non
550 1038 766 1116 fuerit,
813 1039 1170 1101 intercessit
1213 1043 1429 1101 tamen
1468 1038 1538 1100 in
1582 1039 1688 1101 ille

91 1135 424 1194 Romanae
455 1131 750 1194 Ecclesiae
775 1133 1143 1208 saeternae,
1179 1139 1248 1195 ut
1268 1134 1466 1197 Jonas
1492 1133 1685 1194 Aure·

92 1225 426 1288 lianensis
453 1225 744 1306 superius
771 1225 884 1303 ait,
903 1243 1033 1287 noa
1061 1225 1266 1287 solum
1291 1243 1404 1306 per
1423 1226 1686 1307 Legatos

95 1319 464 1397 Pontifieis‚
487 1335 650 1400 quos
670 1320 864 1385 etiam
891 1319 1024 1384 Ado
1050 1321 1338 1382 nominat
1354 1319 1688 1400 Theophy⁴

91 1413 359 1475 lactum
388 1417 452 1476 et
477 1415 890 1494 Stephanum,
922 1429 1144 1476 verum
1185 1415 1376 1477 eiiam
1401 1431 1515 1494 per
1547 1431 1688 1495 spe⁴

91 1507 349 1568 cialem
375 1508 510 1587 ejus
525 1507 1044 1588 approba-tionem
1069 1508 1170 1570 vel
1195 1509 1404 1589 potius
1426 1509 1688 1572 instruc-

89 1599 362 1662 tionem
389 1617 505 1680 per
535 1601 916 1664 decretalem
941 1602 1268 1682 epistolam
1281 1647 1302 1680 ‚
1333 1602 1398 1664 in
1435 1619 1562 1680 qua
1591 1621 1686 1664 er-

93 1711 334 1755 rorem
359 1695 538 1756 illum
573 1695 1036 1772 damnandum,
1069 1701 1133 1758 et
1157 1695 1308 1758 fidei
1339 1695 1686 1758 doctrinam

93 1787 548 1850 definiendam
571 1789 940 1866 declax-evin
965 1791 1090 1852 imo
1111 1789 1393 1852 referunt
1413 1789 1686 1870 proedicti

97 1887 414 1944 auctores
448 1927 466 1958 ‚
525 1891 674 1946 ante
727 1883 1073 1947 Concilium
1125 1883 1685 1947 Francofordiense

101 1978 498 2039 damnatum
517 1977 710 2040 fuisse
727 1977 999 2040 Felicem
1024 1975 1088 2038 in
1110 1977 1384 2040 Concilio
1410 1979 1686 2058 quodam

105 2070 467 2151 Reginensi
489 2089 606 2132 seu
635 2071 1071 2150 Ratisponensi
1110 2071 1515 2147 Provinciali,
1545 2071 1686 2134 dili⁸

107 2165 334 2246 gentis
367 2165 568 2227 Caroli
597 2163 846 2244 Magni,
870 2163 956 2228 ad
983 2167 1512 2247 compescendum
1531 2167 1686 2230 Feli·

107 2277 263 2320 cem
285 2275 370 2321 ex
391 2259 526 2322 sola
547 2259 868 2339 provincia
887 2260 1166 2322 Bavariae
1193 2259 1372 2322 brevi
1400 2265 1684 2340 tempore

105 2357 616 2434 congregatum3
651 2359 716 2416 et
739 2353 825 2415 ihi
853 2361 1140 2417 coactum
1164 2354 1360 2416 fuisse
1386 2353 1682 2431 Felicem,

107 2450 384 2510 Romam
421 2448 598 2510 adire
620 2492 638 2524 ,
670 2454 732 2510 et
761 2465 972 2510 coram
999 2449 1273 2512 Adriano
1303 2448 1469 2529 Papa
1493 2450 1556 2512 in
1579 2451 1686 2512 Ec*

107 2543 316 2604 clesia
339 2545 404 2605 S.
428 2543 591 2605 Petri
618 2557 796 2604 snam
815 2541 1110 2608 haeresim
1127 2549 1520 2607 retractasse.
1543 2544 1687 2607 Pos-

114 2643 222 2698 tea
249 2655 410 2699 vero
439 2637 846 2700 subsecutum
893 2639 992 2700 est
1032 2639 1376 2700 Concilium
1417 2639 1686 2700 Franco*

109 2732 480 2809 sardienseg
511 2751 684 2805 nam,
716 2749 862 2795 eum
897 2733 1242 2812 Elipandus
1290 2733 1460 2814 apud
1503 2735 1688 2796 Caro·

109 2828 254 2888 lum
287 2828 550 2891 instaret
582 2829 926 2907 (quantum
961 2845 1040 2890 ex
1075 2827 1338 2908 epistola
1372 2827 1578 2890 Caroli
1606 2827 1690 2891 ad

107 2922 332 3002 ipsum
377 2921 584 3001 colligi
625 2920 883 3003 potest),
915 2925 985 2984 ut
1024 2922 1090 2982 in
1117 2921 1388 3002 pleniori
1415 2921 1686 2984 Concilio

107 3035 218 3077 res
245 3014 668 3078 discuteretur
690 3060 707 3091 ,
738 3015 1000 3079 Carolus
1029 3016 1109 3078 ad
1139 3016 1447 3096 majorem
1473 3015 1688 3078 Eccle-

109 3110 230 3170 siae
259 3125 510 3188 pacem,
543 3116 606 3171 et
633 3115 704 3172 ut
729 3110 1072 3190 Elipandus
1089 3155 1111 3187 ,
1141 3111 1338 3189 etqui
1367 3110 1426 3173 ei
1453 3109 1522 3171 in
1551 3111 1688 3172 His·-

111 3204 314 3285 pania
341 3201 779 3280 adhaeserant,
817 3205 1064 3267 facilius
1089 3203 1172 3265 ad
1197 3221 1410 3266 veram
1457 3203 1692 3266 doctri-

113 3315 276 3358 nam
297 3296 448 3358 fidei
475 3296 948 3374 reducerentur,
979 3297 1061 3358 ab
1088 3297 1366 3360 Adriano
1387 3299 1556 3378 Papa
1581 3298 1692 3360 ob-

117 3389 312 3454 tinuit
354 3395 426 3452 ut
461 3391 808 3454 Concilium
833 3389 1386 3454 Francot'ordiense
1424 3409 1689 3472 congre-

119 3490 408 3566 geretur,
449 3487 520 3546 in
547 3500 674 3564 quo
709 3485 920 3565 Legati
963 3485 1104 3566 ejus
1149 3485 1480 3560 adessent,
1530 3499 1688 3565 quos

113 3577 462 3640 verisimile
491 3583 588 3641 est
616 3577 946 3656 epistolam
973 3577 1143 3639 illam
1173 3595 1390 3640 secum
1409 3577 1688 3640 attulisse

119 3671 348 3750 (cujus
369 3671 656 3732 meminit
685 3671 856 3734 idem
888 3670 1147 3735 Carolus
1175 3671 1242 3733 in
1271 3689 1386 3734 sua
1413 3671 1688 3752 Epistola

119 3765 210 3827 ad
234 3762 576 3845 Episcopus
602 3764 919 3846 Hispania
939 3763 954 3846 )
967 3811 987 3842 ‚
1023 3766 1090 3826 in
1136 3783 1263 3846 qua
1297 3763 1448 3844 quid
1475 3765 1541 3826 in
1567 3765 1690 3827 hac

118 3877 194 3920 re
217 3858 566 3920 tenendum
589 3864 780 3934 esset,
801 3857 1144 3920 declaravit
1163 3878 1178 3931 ς
1203 3877 1382 3938 ergo,
1407 3859 1688 3939 quamvis

117 3971 256 4014 nnn
287 3957 458 4014 certo
487 3957 731 4015 constet
766 3951 924 4012 illud
957 3951 1304 4014 Concilium
1333 3959 1470 4032 post
1507 3962 1686 4014 suam

121 4046 617 4110 celebrationem
665 4060 740 4107 ac
787 4043 1222 4108 definitionem
1249 4047 1688 4108 confirmatum

119 4159 266 4204 esse
292 4159 328 4202 a
351 4139 674 4216 Pontifice,
701 4145 914 4202 tamen
939 4141 1090 4202 satis
1117 4146 1292 4202 certo
1314 4143 1558 4202 constat
1579 4139 1690 4201 de·

119 4235 474 4298 finitionem
517 4235 658 4314 ejus
695 4233 886 4295 fuisse
915 4234 1312 4321 conformem
1339 4232 1692 4296 definitioni

121 4327 465 4400 Pontfficis,
515 4331 576 4390 et
602 4326 783 4406 jutta
823 4328 964 4406 ejus
997 4327 1412 4389 intentionem
1462 4345 1537 4388 ao
1585 4343 1690 4388 vo-

122 4424 472 4500 luntatem3
504 4427 568 4484 et
595 4422 717 4482 hec
745 4422 896 4483 satis
943 4425 1136 4484 estut
1166 4421 1274 4482 illa
1301 4417 1579 4482 definitio
1610 4419 1691 4482 sit

123 4515 444 4580 sufficiens
473 4521 536 4577 et
557 4513 894 4578 infallibilis
936 4513 1156 4596 regula
1186 4515 1358 4592 fidei,
1390 4514 1441 4576 si
1471 4515 1552 4576 de
1581 4513 1690 4578 illa

125 4612 280 4674 satis
309 4613 572 4687 constet,
603 4609 1109 4692 sufficienterque
1150 4609 1334 4672 nobis
1372 4607 1688 4693 proposita

122 4707 230 4768 sit.

205 4803 310 4863 49.
338 4797 590 4874 Ultimo,
617 4799 789 4880 quod
817 4799 1040 4861 attinet
1068 4797 1152 4860 ad
1181 4798 1346 4861 hanc
1373 4797 1689 4860 definitio·

123 4911 298 4968 nem,
328 4897 517 4974 prout
543 4911 713 4955 nunc
741 4892 974 4973 legitur
1001 4892 1064 4953 in
1090 4893 1275 4955 tertio
1315 4899 1486 4954 temo
1527 4893 1688 4956 Con·

126 4989 412 5053 ciliorum
439 4987 558 5050 sub
583 4987 766 5050 titulo
791 4985 1044 5049 Concilii
1079 4985 1682 5065 Francoierdiensis‚

123 5083 308 5147 valde
345 5083 754 5144 temerarium
793 5099 869 5145 ac
891 5079 1321 5162 periculosum
1371 5079 1687 5142 existima·

127 5195 259 5240 rem
312 5177 394 5238 ab
443 5175 550 5238 illa
601 5175 970 5252 dissentire,
1020 5180 1083 5238 et
1133 5171 1464 5256 epistolam
1511 5173 1686 5236 illam

129 5271 406 5348 Adriani3
437 5275 502 5333 et
541 5269 818 5350 reliquas
855 5273 1068 5350 partes
1095 5269 1274 5331 illius
1307 5267 1586 5343 Concilii,
1617 5272 1690 5329 ut

135 5363 574 5448 supposititiam
617 5369 728 5428 aut
773 5363 1170 5446 apocryphas
1198 5365 1300 5428 vel
1347 5363 1688 5426 mendosas

131 5459 420 5540 rejicere3
447 5467 578 5523 nen
598 5451 856 5542 possum
883 5465 1096 5522 tamen
1126 5457 1492 5539 simpliciter
1519 5456 1690 5520 dice*

134 5573 218 5635 re,
233 5555 298 5618 in
323 5553 421 5619 eis
444 5568 616 5620 nanc
639 5568 784 5620 esse
810 5551 1218 5620 infallibilem
1245 5549 1396 5619 fidei
1422 5549 1690 5617 auctori·

1769 1043 2059 1100 constare
2098 1040 2295 1118 possit
2319 1087 2336 1116 ,
2366 1040 2431 1104 in
2470 1041 2577 1106 illo
2606 1043 2919 1123 integram
2952 1048 3017 1106 et
3046 1045 3331 1112 incon-u..

1765 1137 1939 1212 ptam
1972 1133 2283 1196 contineri
2325 1133 2677 1200 doctrinam
2726 1157 2802 1202 ac
2832 1139 3259 1204 definitionem
3294 1157 3332 1200 a

1764 1242 1917 1287 vero
1956 1225 2232 1289 Concilio
2269 1227 2809 1294 Francot'ordiensi
2844 1234 3023 1312 juxta
3051 1238 3331 1296 mentem

1767 1319 2026 1382 Adriani
2077 1321 2259 1400 Papae
2312 1323 2627 1387 traditam.
2664 1325 2867 1404 Dices,
2916 1324 3038 1390 hac
3082 1328 3329 1391 ratione

1765 1426 1953 1492 posse
1996 1413 2059 1474 in
2114 1412 2377 1477 dubium
2432 1419 2719 1480 revocari
2768 1421 2975 1484 omnia
3028 1421 3326 1499 Consilia,

1768 1506 1958 1568 etiam
1999 1507 2353 1587 generalia,
2386 1510 2729 1589 praesertim
2774 1513 3148 1594 antiquiora,
3182 1515 3329 1594 quia

1764 1599 2052 1676 fortasse,
2090 1607 2281 1681 prout
2320 1619 2489 1665 nunc
2530 1605 2864 1681 habentur,
2895 1625 3025 1670 non
3064 1614 3211 1669 sunt
3238 1608 3332 1670 in-

1767 1699 2085 1774 corrupta,
2115 1694 2217 1757 vel
2252 1713 2382 1758 non
2418 1703 2563 1760 sunt
2592 1699 2816 1761 eadem
2846 1717 2989 1780 quse
3014 1700 3331 1764 celebrata

1767 1788 2041 1852 fuerunt.
2098 1790 2536 1870 Respondetur
2595 1793 2890 1872 negando
2950 1793 3275 1875 sequelam
3308 1812 3327 1869 3

1769 1887 1916 1945 sunt
1955 1882 2123 1946 enim
2167 1882 2235 1944 in
2262 1883 2551 1946 Conciliis
2594 1886 2815 1959 multa,
2846 1905 2987 1968 quae
3016 1888 3117 1952 vel
3146 1888 3210 1950 in
3238 1893 3331 1951 to·

1766 1977 1903 2040 tum
1929 1976 2031 2039 vel
2060 1993 2138 2039 ex
2164 1983 2347 2057 parte
2372 1977 2581 2040 adhuc
2610 1985 2758 2044 sunt
2780 1981 3031 2044 incertae
3060 1983 3331 2045 auctori-

1765 2073 1930 2146 tatis,
1959 2077 2217 2152 propter
2247 2072 2456 2135 varias
2498 2091 2724 2136 causas
2750 2093 2891 2154 quae
2922 2093 3093 2140 nunc
3119 2093 3331 2156 perse·

1764 2167 1870 2247 qui
1913 2165 2177 2246 longum
2207 2171 2400 2240 esset}
2435 2167 2635 2231 multa
2672 2175 2889 2231 tamen
2938 2169 3129 2234 etiam
3158 2176 3327 2242 sunt,

1765 2275 1906 2338 quoe
1945 2258 2335 2322 infallibilem
2368 2261 2604 2326 hahent
2636 2263 3071 2326 auctoritatem
3116 2263 3331 2345 quoad

1764 2351 2157 2416 definitiones
2186 2371 2357 2431 suas,
2377 2355 2526 2435 quia
2556 2373 2593 2417 a
2612 2357 2919 2437 principio
2949 2357 3331 2422 sufficienter

1764 2447 2070 2508 universas
2124 2448 2417 2510 Ecclesiae
2469 2449 2800 2514 innotuere
2829 2496 2846 2525 ‚
2901 2456 2964 2513 et
3014 2457 3321 2532 perpetua

1769 2539 2101 2602 traditione
2130 2541 2195 2603 in
2224 2559 2301 2603 ea
2330 2542 2674 2606 observatae
2700 2549 2877 2617 sunt;
2909 2561 3119 2624 neque
3147 2563 3185 2606 a
3214 2543 3329 2610 Ca-

1767 2634 2014 2697 tholicis
2057 2651 2341 2715 unquam
2388 2641 2484 2700 est
2528 2637 2595 2698 in
2630 2635 2893 2700 dubium
2938 2643 3326 2714 revocatum,

1770 2728 1924 2808 quin
1951 2728 2057 2790 illa
2084 2728 2367 2792 doctrina
2396 2736 2460 2793 et
2486 2730 2791 2804 definitio,
2819 2749 2959 2809 quae
2988 2731 3108 2794 sub
3133 2731 3334 2794 nomi-

1767 2838 1850 2885 ne
1877 2822 2021 2886 talis
2048 2823 2305 2886 concilii
2332 2824 2398 2886 in
2423 2823 2699 2888 Ecclesia
2728 2823 3048 2890 Catholica
3076 2825 3332 2906 legitur,

1769 2933 1846 2980 ea
1876 2930 2024 2979 vere
2069 2917 2169 2992 sit,
2204 2933 2345 2997 quoe
2399 2918 2465 2980 in
2509 2916 2617 2981 tali
2646 2915 2919 2983 Concilio
2962 2937 2999 2980 a
3028 2919 3333 3000 principio

1767 3009 1888 3072 fuit
1937 3009 2191 3075 tradita.
2232 3013 2313 3075 At
2364 3026 2513 3076 vero
2565 3010 2913 3076 Concilium
2970 3011 3337 3076 Francofor·

1769 3105 2015 3181 diense,
2044 3110 2230 3186 prout
2260 3123 2375 3170 suo
2410 3111 2696 3187 tempore
2741 3107 3041 3187 scriptum
3086 3106 3238 3181 fuit,
3270 3105 3336 3168 in

1767 3197 2047 3261 Ecclesia
2088 3198 2271 3262 latuit
2297 3217 2497 3280 usque
2524 3200 2609 3262 ad
2634 3213 2874 3262 annum
2900 3201 3083 3276 1567,
3114 3200 3179 3262 in
3210 3215 3336 3280 quo

1768 3309 1962 3372 opera
2007 3291 2323 3355 Laurentii
2364 3293 2532 3356 Surii
2562 3293 2629 3356 in
2671 3295 2882 3358 lucem
2926 3294 3164 3358 editum
3199 3297 3332 3368 est;

1770 3389 1833 3448 et
1859 3385 2003 3450 ideo
2032 3387 2262 3448 mirum
2288 3405 2418 3448 non
2464 3392 2561 3450 est
2594 3387 2768 3466 quod
2796 3393 2926 3450 tam
2968 3387 3145 3450 brevi
3172 3390 3338 3448 tem-

1768 3494 1920 3561 pore
1953 3485 2199 3542 tantam
2224 3480 2341 3542 sibi
2368 3481 2805 3544 auctoritatem
2846 3479 3177 3544 conciliare
3204 3496 3336 3542 non

1768 3573 2041 3656 potuerit
2049 3589 2070 3652 3
2100 3574 2373 3636 maxime
2400 3590 2545 3638 cum
2577 3593 2707 3636 non
2735 3580 2979 3636 constet
3006 3572 3117 3634 uhi
3142 3571 3335 3636 fuerit

1769 3665 2119 3731 inventum.
2156 3669 2339 3732 Dices
2370 3667 2669 3732 ulteriust
2705 3669 2757 3730 si
2786 3668 3209 3730 certissimum
3238 3671 3337 3728 est

1769 3761 2151 3824 Felicianam
2178 3761 2472 3826 haeresim
2502 3763 2583 3825 ab
2612 3763 2887 3824 Adriano
2915 3761 2943 3824 Ι
2970 3764 3035 3826 et
3057 3759 3335 3826 Con-cilio

1769 3855 2173 3920 Francot'ord.
2208 3855 2400 3919 fuisse
2442 3855 2831 3932 damnatam,
2862 3861 2925 3919 et
2956 3857 3023 3917 in
3050 3855 3167 3930 his,
3194 3868 3335 3932 (111oe

1768 3969 1938 4012 nunc
1962 3951 2296 4024 habemus),
2320 3950 2563 4031 scriptis
2592 3950 2709 4014 sub
2726 3949 2982 4012 nomine
3002 3947 3260 4010 Adriani
3282 3947 3333 4021 1,

1769 4055 1834 4106 et
1877 4043 2137 4108 Concilii
2165 4041 2551 4117 Francofor.,
2582 4043 2742 4106 nihil
2774 4042 2947 4105 aliud
2980 4039 3337 4104 continetur

1771 4155 1959 4218 quam
2002 4137 2168 4200 illius
2207 4135 2469 4200 haeresis
2503 4135 2848 4211 damnatio,
2888 4134 3041 4217 quid
3087 4139 3182 4196 est
3224 4150 3338 4196 cur

1769 4249 1900 4295 non
1929 4233 2008 4295 sit
2036 4249 2217 4310 aeque
2246 4235 2519 4307 certum,
2546 4231 2669 4294 hoc
2687 4275 2703 4304 ‚
2736 4229 2908 4311 quod
2934 4245 3107 4292 nunc
3134 4226 3335 4290 habe-

1769 4330 1934 4403 mns,
1962 4344 2103 4389 esse
2129 4340 2347 4388 verum
2366 4323 2715 4388 Concilium
2736 4322 3120 4398 Francofor.,
3147 4339 3222 4384 ac
3242 4326 3339 4384 est

1770 4423 2014 4483 certum
2064 4419 2187 4483 tale
2223 4417 2569 4483 Concilium
2618 4418 2815 4480 fuisse
2860 4423 3335 4498 congregatum,

1769 4515 2089 4593 talemque
2111 4513 2461 4576 doctrinam
2480 4511 2813 4576 tradidisse
2830 4515 2855 4574 ‘l
2876 4509 3334 4592 Respondetur,

1753 4615 2075 4690 'magnum
2122 4608 2461 4672 discrimen
2507 4605 2671 4670 inter
2706 4606 2843 4670 hoee
2871 4605 3129 4679 versari,
3158 4621 3333 4678 nam,

1768 4721 1912 4766 cum
1946 4701 2155 4766 adhuc
2180 4703 2490 4765 incertum
2528 4702 2607 4766 sit
2634 4700 2835 4779 qualis
2861 4699 3051 4762 fuerit
3079 4697 3337 4762 haeresis

1767 4795 2105 4869 Feliciana‚
2132 4795 2419 4876 quemvis
2445 4795 2512 4857 in
2539 4794 2857 4858 communi
2886 4797 3133 4856 constet
3158 4791 3333 4854 illam

1765 4889 1961 4952 fuisse
2012 4891 2378 4953 damnatam
2424 4887 2493 4950 in
2542 4887 2817 4952 Concilio
2859 4880 3249 4960 Francofor.‚
3280 4882 3335 4946 si

1766 4983 2015 5046 nullum
2044 4987 2283 5045 extaret
2307 4981 2477 5045 illius
2510 4979 2766 5045 Concilii
2808 4979 3335 5058 scripturamque

1767 5077 2079 5140 incertum
2106 5079 2270 5140 esset
2307 5089 2451 5157 qne
2478 5074 2670 5139 tuerit
2698 5071 2865 5134 illius
2900 5071 3159 5136 concilii
3184 5066 3338 5134 defl-

1767 5169 1949 5234 nitio.
1978 5167 2159 5247 Item,
2207 5171 2393 5250 quia,
2420 5169 2569 5232 licet
2600 5167 2671 5230 in
2721 5165 3045 5230 communi
3094 5167 3338 5230 constet

1767 5263 2000 5328 factam
2040 5283 2179 5328 esse
2220 5263 2387 5327 illius
2428 5261 2693 5326 Concilii
2739 5259 3169 5324 definitionem
3188 5303 3211 5336 ‚
3242 5263 3338 5321 ta·

1769 5373 1942 5438 men,
1976 5359 2126 5423 siin
2168 5359 2542 5443 particulari·
2566 5373 2696 5421 non
2740 5361 2987 5419 constet
3026 5353 3149 5416 hoc
3188 5351 3338 5418 scri·

1769 5459 1949 5536 ptum
1972 5453 2221 5518 editum
2244 5469 2386 5516 esse
2414 5453 2481 5516 in
2508 5448 2619 5516 illo
2638 5482 2643 5489 ·
2660 5449 2973 5526 Concilio,
3000 5463 3133 5509 non
3161 5452 3338 5510 tene·

1767 5545 1978 5614 bimur
2006 5563 2087 5612 ex
2124 5547 2231 5614 illo
2258 5544 2489 5627 scripto
2538 5543 2839 5623 colligere
2862 5543 3143 5608 mentem
3162 5539 3337 5614 Cone
