3892 6167
1544 318 1731 376 tumtx
1766 316 1996 378 unul.

787 464 1091 508 HUOETAMS·

64 558 450 687 Hygpzstasis
476 574 680 631 graece,
704 565 849 620 idem
870 569 1019 634 quod
1042 570 1369 637 suppositum
1391 570 1577 635 latine,
1598 573 1653 625 d.
1672 578 1721 637 7,

66 710 449 845 Hypostaslis
462 728 594 845 1ιςοι(
618 717 869 787 imposita
897 722 1062 775 estad
1092 721 1505 789 significandam
1534 736 1721 791 perso-

143 803 326 856 nam,
415 832 431 845 .
544 835 557 861 ,
582 808 624 849 s.
652 802 699 848 3.

946 970 975 1042 1

468 1150 817 1195 mosomum.
856 1156 1058 1198 toomu.
1096 1159 1409 1200 momentu.

76 1248 477 1307 idololatriae
524 1255 751 1310 nomine
776 1270 874 1311 cur
902 1258 1165 1315 salsorum
1200 1262 1430 1317 Deorum
1456 1262 1633 1318 cultus
1652 1263 1725 1317 si-

150 1326 525 1395 gnificetur,
553 1331 605 1384 d.
636 1337 715 1397 ⁵1,
742 1347 785 1385 S.
812 1339 861 1388 3.

82 1401 329 1455 Idolum
362 1404 589 1459 falsam
616 1374 911 1475 imaginem
946 1412 1234 1479 significat,
1259 1425 1383 1480 quae
1410 1414 1495 1468 vel
1520 1428 1723 1482 reprae-

157 1484 365 1532 sentat
392 1482 565 1547 quod
589 1495 701 1536 non
734 1486 941 1551 555551
964 1486 1124 1553 quale
1152 1500 1265 1542 non
1294 1495 1392 1553 est,
1415 1490 1469 1543 d.
1498 1495 1579 1556 st,
1602 1506 1630 1545 s
1672 1497 1718 1544 8.

92 1554 237 1609 ldoli
274 1558 615 1698 ιιιιιιιιοιιὺίιι
642 1560 921 1628 Scriptura
946 1575 1161 1633 semper
1194 1564 1253 1617 in
1284 1566 1483 1619 malam
1510 1574 1725 1634 partem

158 1644 325 1683 surm
360 1647 447 1686 ur
504 1649 517 1685 ι

87 1704 459 1761 Idololatria
504 1714 635 1763 tunc
660 1712 881 1779 proprie
918 1714 1294 1781 committitur,
1322 1729 1445 1771 cum
1480 1718 1723 1775 adoratio

158 1783 277 1836 soli
312 1786 449 1915 geo
484 1786 671 1841 debita
701 1787 773 1855 ei,
795 1788 891 1857 qui
916 1792 1056 1845 Deus
1084 1804 1197 1847 non
1224 1799 1323 1859 est,
1346 1796 1723 1851 communic-a-

162 1865 663 1927 lur,55,s.1.

92 1934 349 2001 Erigere
387 1939 515 1993 Deo
550 1939 867 2007 imaginem,
906 1949 967 1997 ut
996 1944 1273 2011 propriam
1300 1947 1421 2013 ejus
1452 1952 1717 2015 naturam,

164 2011 335 2065 sicut
372 2018 491 2073 est
518 2021 883 2083 repraesentet,
910 2016 1233 2086 idololatria,
1262 2022 1336 2075 ib.

94 2088 284 2142 Error
315 2088 669 2145 idololatriae
697 2094 845 2146 unde
878 2099 1047 2161 ortua,
1080 2095 1155 2149 ih.

97 2164 267 2217 Varii
298 2166 479 2220 modi
500 2168 741 2235 antiquae
765 2168 1038 2225 idolorum
1060 2173 1307 2237 culturae,
1344 2174 1418 2228 ib.

98 2238 463 2296 idolodulia
500 2249 580 2297 est
609 2243 821 2311 aliquid
859 2248 1128 2303 honorare
1156 2250 1472 2305 adoratione
1512 2252 1722 2306 Sanctis

174 2316 414 2379 dehita,
440 2318 539 2371 tali
563 2320 880 2375 adoratione
916 2321 1226 2391 indignum,
1251 2323 1326 2379 ib.

105 2393 429 2521 ldplorum
454 2409 607 2523 {sus
650 2396 883 2462 qualiter
924 2400 993 2451 ab
1032 2398 1273 2467 imagine
1314 2401 1557 2469 differat,
1598 2403 1723 2457 vide

204 2483 415 2537 mago,
451 2484 466 2523 ι
513 2510 526 2524 .

356 2600 541 2642 maco-
577 2602 733 2643 tneo
754 2604 856 2654 DEI,
883 2604 1073 2646 cantari
1106 2610 1167 2648 m·
1199 2608 1510 2651 Attenuant.

118 2692 465 2834 ὶιιιᾶηέιῖιιιιι
490 2697 832 2825 1Sanctorum
864 2713 1025 2755 usum
1054 2702 1149 2770 qui
1184 2704 1423 2759 haeretici
1454 2706 1717 2771 detestati,

124 2844 322 2899 Variae
353 2786 537 2903 cazsae
558 2850 629 2903 ob
659 2864 796 2916 quas
837 2850 1103 2920 imagines
1126 2853 1346 2941 depingi
1374 2864 1617 2923 possunt,
1644 2858 1717 2913 ib.

126 2922 353 3053 lintal‘trlo·r
357 2924 793 3063 ιζιι35545051ιιι51
815 2932 1135 2997 prototypon
1170 2930 1228 2983 in
1262 2944 1379 2986 esse
1418 2946 1719 3001 repraesen-

136 3072 472 3139 imaginum
494 3088 623 3131 usus
650 3076 833 3132 licitus
850 3083 904 3131 et
926 3080 1201 3142 honestus,
1222 3098 1267 3135 5.
1298 3087 1346 3135 1.

144 3148 217 3202 Et
252 3156 481 3217 propter
510 3154 685 3207 varios
728 3159 782 3207 et
815 3155 1069 3210 honestos
1102 3156 1241 3211 fines
1268 3158 1325 3211 in
1366 3158 1603 3213 Ecclesia
1632 3160 1721 3213 in-

216 3226 521 3288 troductus,
550 3228 624 3282 ib.

142 3299 432 3367 Imagines
464 3304 781 3361 Sanctorum
806 3320 1047 3375 congrua
1070 3313 1123 3361 et
1150 3309 1375 3363 honesta
1398 3309 1722 3377 templorum

210 3386 563 3444 ornamenta,
600 3382 675 3436 ih.

140 3454 269 3508 Non
302 3456 485 3510 solum
515 3457 642 3512 licet
666 3440 1002 3526 depingere
988 3462 1253 3529 imagines
1276 3460 1554 3517 historiam
1589 3475 1725 3517 con-

214 3531 479 3595 tinentes,
510 3534 607 3588 sed
630 3534 905 3603 simplices
938 3536 1192 3603 picturae„
1225 3538 1299 3591 ib.

142 3605 243 3661 Dei
272 3614 335 3663 et
360 3610 693 3677 Angelorum
722 3610 989 3679 imagines
1016 3612 1163 3667 licite
1194 3618 1249 3667 et
1265 3613 1553 3680 religiose
1542 3627 1599 3666 ιιι
1624 3627 1725 3667 555

210 3684 513 3745 habentur,
552 3685 625 3738 ib.
838 3718 847 3727 -

142 3754 269 3811 Non
308 3764 495 3813 tamen
534 3766 761 3827 possunt
792 3774 908 3816 esse
940 3762 1049 3817 nisi
1090 3764 1491 3832 metaphoricae,
1523 3765 1599 3819 ih.

142 3832 202 3886 Si
241 3834 421 3889 semel
466 3840 646 3890 tamen
686 3838 755 3889 ad
803 3840 1303 3904 repraesentandum
1354 3840 1725 3906 instituantur,

210 3922 393 3963 sacrae
422 3916 548 3963 sunt
575 3916 627 3964 et
654 3912 1007 3976 honorandae,
1042 3929 1086 3967 5.
1118 3923 1165 3967 s.

143 3983 277 4039 Non
306 3988 537 4051 possunt
559 3986 629 4039 ad
662 3986 880 4042 libitum
906 3988 1151 4057 depingi,
1176 3992 1271 4045 sed
1294 3993 1447 4057 juxta
1475 3994 1727 4049 Ecclesiae

217 4074 411 4122 usum,
448 4060 506 4112 in
532 4060 708 4115 forma
736 4062 793 4115 in
815 4079 926 4129 qua
950 4064 1247 4131 aliquando
1268 4082 1585 4135 apparuere,
1609 4086 1651 4123 5.
1676 4078 1723 4123 3.

150 4136 339 4189 variae
367 4140 557 4189 contra
587 4135 889 4203 imaginum
915 4139 1289 4195 adorationem
1309 4144 1555 4209 haereses,
1588 4146 1663 4199 ib.

152 4212 437 4279 imagines
467 4212 785 4266 Sanctorum
820 4214 1124 4270 adorandas
1157 4217 1563 4287 honorificeque
1586 4228 1725 4277 trac—

226 4288 440 4350 tandas,
476 4300 539 4343 ex
574 4302 728 4343 sacra
752 4291 864 4343 Scri
873 4297 1028 4359 ptura
1060 4294 1334 4361 probatur,
1371 4295 1445 4349 ih.

156 4360 236 4415 Ex
265 4364 521 4417 Ecclesiae
549 4366 889 4431 definitione,
922 4368 997 4422 ib

157 4439 235 4490 Ex
268 4440 548 4492 communi
585 4455 686 4496 usu
720 4446 773 4495 et
800 4444 1111 4509 traditione,
1150 4445 1223 4499 ih.

160 4514 395 4569 Ratione
421 4518 743 4581 ostenditur,
770 4517 843 4573 ib.

162 4590 487 4729 Mitt-aculus?
515 4605 613 4660 pro
641 4593 956 4649 adoratione
987 4596 1241 4663 imaginis
1264 4600 1320 4652 B.
1348 4598 1585 4667 Virginis
1612 4598 1727 4654 sac-

255 4680 349 4720 um
402 4680 417 4718 1

168 4740 235 4795 Ut
280 4742 554 4805 colantur,
589 4740 738 4811 quali
775 4738 991 4811 publica
1025 4742 1374 4814 impositione
1405 4755 1461 4804 et
1490 4749 1731 4805 auctori-

237 4824 342 4872 tate
366 4818 663 4886 indigeant,
687 4834 729 4873 5.
767 4827 813 4873 6.

171 4894 246 4947 Ex
281 4892 541 4948 relatione
577 4909 742 4962 quam
788 4896 992 4950 habent
1022 4898 1093 4951 ad
1126 4911 1211 4953 res
1237 4906 1449 4953 sanctas
1480 4914 1617 4966 quas
1644 4915 1731 4955 re-

238 4975 567 5037 praesentant
592 5010 604 5035 ,
634 4972 1037 5037 quodammodo
1068 4978 1267 5027 sanctae
1298 4974 1577 5039 dicuntur,
1600 4990 1641 5028 5.
1680 4982 1730 5027 a.

175 5046 477 5115 'imaginum
510 5048 754 5102 adoratio
798 5054 956 5115 prout
996 5050 1065 5103 ad
1099 5050 1219 5105 illas
1246 5051 1585 5116 terminatur,
1616 5065 1731 5105 res-

242 5123 469 5187 pectiva,
506 5123 579 5176 ib.

180 5198 292 5250 Non
333 5206 511 5253 autem
538 5201 783 5266 abusiva,
814 5202 900 5256 vel
946 5202 1261 5271 impropria,
1298 5204 1476 5271 qualis
1507 5210 1647 5259 esset
1683 5206 1729 5258 si

244 5274 453 5328 adorari
482 5277 793 5332 dicerentur
820 5292 889 5331 ex
912 5292 977 5333 eo
1010 5282 1205 5345 solum,
1228 5282 1357 5347 quia
1386 5282 1457 5335 ad
1489 5294 1732 5349 ιιι-55555-

246 5350 371 5403 1ἰ5ιιι
404 5363 588 5405 earum
616 5360 893 5422 prototypa
919 5354 1237 5421 adorantur,
1270 5356 1347 5412 ih.
1482 5372 1489 5379 ·

184 5424 293 5480 Non
334 5426 511 5483 solum
556 5428 865 5483 actionibus
906 5432 1144 5487 externis
1188 5432 1482 5489 adorandae
1504 5476 1517 5500 ,
1542 5432 1639 5489 sed
1682 5439 1734 5489 et

248 5502 425 5572 aliqua
456 5502 681 5560 interior
706 5506 1038 5565 adorationis
1063 5508 1309 5578 intentio,
1335 5510 1457 5567 sinc
1479 5526 1587 5581 qua
1606 5524 1735 5567 vcra

3247 319 3360 387 ³101

1868 415 2116 475 adoratio
2143 419 2437 475 consistere
2475 428 2588 475 non
2621 422 2808 487 potest,
2845 419 2902 475 lu
2943 430 3034 477 ens
3059 416 3364 490 dirigenda.

1867 494 1923 545 d.
1944 497 2023 557 ⁵⁴,
2054 508 2098 547 5.
2122 500 2168 549 3.

1803 567 1968 623 Varia
1999 571 2069 625 ad
2094 572 2200 625 hoe
2226 572 2312 625 Vll
2335 571 2540 638 synodi
2573 570 2692 625 loca
2720 572 3110 639 ponderantur,
3131 572 3206 627 ib.

1801 644 2060 699 Adoratio
2091 646 2162 701 ad
2204 647 2550 713 praesentiam
2585 645 2888 713 imaginum
2921 648 3205 715 tripliciter
3247 647 3362 701 lieri

1865 724 2056 787 potest,
2093 735 2136 775 s.
2174 726 2218 774 t.

1803 796 1878 851 Ex
1900 798 2188 865 ιιι-’.555555
2214 798 2472 867 imaginis
2490 805 2705 867 sumpta
2727 800 3028 863 occasione,
3051 806 3222 868 potest
3241 813 3364 867 pro·

1866 881 2086 943 totypon
2119 877 2334 933 adorari
2371 892 2482 933 non
2517 880 2738 933 adorata
2781 878 3038 945 imagine,
3067 878 3144 933 ih.

1801 953 1865 1006 Et
1886 959 2206 1021 prototypon
2237 954 2495 1021 imagine,
2523 959 2577 1008 et
2598 956 2774 1021 imago
2799 960 3017 1022 propter
3044 959 3360 1021 prototypon

1863 1040 1978 1081 uno
2009 1029 2312 1097 eodemque
2343 1034 2468 1085 actu
2495 1030 2745 1085 interiori
2779 1037 2833 1084 et
2863 1031 3114 1085 exteriori
3141 1036 3366 1098 possunt

1802 1104 2042 1168 adorari,
2080 1105 2151 1158 ib.

1802 1180 1916 1243 Qua
1946 1180 2266 1235 adoratione
2301 1194 2388 1236 res
2429 1187 2808 1249 repraesentata
2855 1182 2912 1235 in
2962 1180 3202 1250 imagine
3235 1194 3360 1249 pro-

1866 1262 1986 1323 pter
2007 1256 2360 1311 intrinsecam
2381 1272 2534 1312 suam
2559 1258 2935 1321 excellentiam
2953 1258 3215 1325 primario
3231 1260 3365 1313 ado-

1866 1336 2034 1396 ratur,
2071 1334 2145 1387 ib.

1802 1409 1933 1462 Tota
1961 1408 2099 1463 ratio
2117 1408 2452 1464 adorationis
2475 1410 2777 1477 imaginum
2800 1416 2880 1464 est
2900 1408 3218 1463 excellentia
3237 1423 3366 1477 pro-

1866 1484 2050 1553 totypi,
2083 1485 2158 1537 ib.

1801 1561 2057 1617 Adoratio
2089 1576 2200 1629 qua
2227 1564 2408 1629 imago
2440 1563 2606 1617 simul
2633 1577 2758 1618 cum
2787 1568 3070 1631 prototypo
3105 1564 3366 1619 coadora-

1866 1643 1972 1701 tur,
2003 1638 2300 1705 respectiva
2344 1644 2428 1693 est
2469 1645 2632 1707 prout
2668 1640 2738 1693 ad
2783 1638 3076 1706 imaginem
3105 1640 3367 1694 termina·

1870 1720 1976 1773 tur.
2007 1714 2082 1768 ib.

1804 1791 2076 1857 Imagines
2120 1792 2247 1845 licet
2292 1802 2406 1846 non
2456 1792 2668 1859 possint
2718 1790 2936 1846 adorari
2989 1791 3098 1845 nisi
3150 1797 3369 1859 propter

1866 1866 2158 1935 exemplar,
2188 1873 2420 1933 possunt
2441 1872 2621 1919 tamen
2651 1866 2710 1919 in
2734 1880 2792 1921 se
2814 1872 2870 1920 et
2891 1866 3112 1934 proprie
3131 1867 3368 1931 adorari,-

1866 1953 1980 1995 non
2010 1942 2232 1995 adorato
2254 1941 2459 1995 directe
2485 1948 2540 1995 et
2568 1948 2628 1995 ut
2649 1943 2798 2008 quod
2817 1941 3131 2009 exemplari,
3161 1956 3204 1997 s.
3236 1948 3284 1995 5.

1801 2016 1899 2080 Qui
1935 2018 2133 2071 modus
2159 2018 2496 2072 adorationis
2517 2024 2696 2073 rectus
2720 2024 2872 2071 estet
2895 2020 3170 2083 honestus,
3197 2018 3272 2071 ib.

1799 2096 1934 2147 Cum
1970 2094 2074 2147 hoc
2116 2094 2280 2149 modo
2327 2094 2506 2160 imago
2541 2093 2798 2149 adoratur
2821 2132 2834 2153 .
2865 2094 3056 2147 eadem
3081 2133 3096 2157 ,
3137 2108 3250 2161 qua
3283 2106 3372 2149 res

1863 2170 1986 2223 aliae
2009 2180 2175 2221 sacrae
2207 2169 2496 2232 inanimes,
2521 2168 2838 2223 adoratione
2863 2169 3080 2233 colitur,
3111 2170 3187 2225 ih.

1800 2243 1947 2298 Idem
1984 2245 2203 2298 habitus
2229 2244 2299 2297 ad
2337 2244 2664 2311 exemplaris
2681 2250 2736 2299 et
2764 2245 3020 2313 imaginis
3039 2250 3258 2313 propter
3279 2244 3368 2311 ip-

1868 2334 1992 2373 sum
2019 2320 2392 2375 adorationem
2425 2319 2671 2385 inclinat,
2696 2319 2770 2373 ih.

1803 2398 1885 2449 An
1916 2398 2033 2451 naec
2065 2396 2326 2463 imaginis
2357 2396 2600 2451 adoratio
2635 2401 2696 2449 ut
2719 2397 2788 2449 ab
2817 2395 3110 2462 exemplari
3141 2396 3366 2463 praecisa

1865 2470 2100 2524 dicenda
2133 2470 2204 2523 sit
2233 2470 2410 2533 latria,
2436 2471 2511 2524 ib.

1800 2547 1931 2601 Tota
1957 2548 2072 2601 haec
2093 2546 2338 2601 adoratio
2371 2546 2630 2614 imaginis
2666 2546 3021 2615 quantumvis
3047 2548 3270 2614 praecisa
3307 2547 3362 2600 in

1862 2624 2138 2691 exemplar
2162 2624 2412 2686 refertur,
2439 2629 2494 2676 et
2524 2636 2634 2690 qua
2655 2622 2936 2685 relatione,
2957 2622 3032 2676 ib.

1798 2698 1961 2753 Varia
1975 2700 2120 2754 dicta
2139 2699 2510 2754 conciliorum
2529 2698 2764 2767 qualiter
2780 2711 2905 2753 cum
2930 2699 3034 2753 hoc
3052 2698 3216 2753 modo
3237 2698 3366 2753 ado·

1864 2775 2094 2830 rationis
2125 2782 2266 2831 stare
2299 2775 2526 2842 possint,
2556 2774 2878 2837 ostenditur,
2909 2774 2984 2827 ib.

1799 2854 2016 2907 patrum
2049 2850 2215 2905 etiam
2247 2850 2558 2905 testimonia
2584 2850 2942 2917 explicantur,
2975 2849 3044 2903 ib.

1800 2930 1985 2995 Imago
2018 2932 2078 2981 ut
2115 2928 2174 2980 in
2202 2934 2326 2981 actu
2357 2926 2595 2981 exercito
2623 2925 2962 2979 censiderata
2989 2938 3204 2994 semper
3235 2938 3363 2993 pro·

1865 3004 2023 3072 ponit
2074 3004 2350 3071 exemplar
2393 3007 2456 3056 ut
2495 3002 2767 3069 objectum
2816 3002 3078 3069 primario
3125 3001 3366 3057 adoran·-

1864 3082 2017 3144 dum,
2047 3093 2171 3134 cum
2199 3091 2310 3146 quo
2352 3079 2468 3147 ipsa
2505 3078 2854 3143 coadoretur;
2893 3090 3050 3132 secus
3073 3077 3120 3131 si
3155 3084 3362 3133 tantum

1864 3161 2029 3222 prout
2045 3169 2132 3209 res
2151 3156 2401 3221 quaedam
2429 3167 2581 3209 sacra
2605 3154 2968 3221 concipiatur,
2997 3154 3071 3207 ib.

1802 3233 1910 3285 Cur
1932 3232 2178 3296 ejusdem
2215 3244 2464 3297 personae
2490 3230 2590 3283 uni
2622 3230 2849 3297 imagini
2878 3231 3052 3295 major
3088 3230 3364 3285 deferatur

1866 3320 2032 3373 quam
2060 3306 2234 3369 alteri,
2260 3307 2334 3360 ib.

1804 3382 2042 3447 Qualiter
2071 3384 2128 3434 in
2155 3382 2308 3436 omni
2339 3380 2640 3449 imaginum
2669 3380 2986 3435 adoratione
3015 3381 3160 3437 idem
3191 3388 3368 3435 motus

1868 3458 1939 3511 sit
1964 3458 2023 3511 in
2057 3458 2233 3519 istam,
2269 3457 2364 3525 qui
2401 3458 2459 3509 in
2491 3457 2784 3524 exemplar,
2819 3456 2895 3509 ib.

1804 3533 2061 3590 adoratio
2085 3534 2178 3588 Dei
2203 3533 2288 3587 vel
2313 3531 2510 3587 Christi
2539 3532 2742 3599 pariter
2768 3530 2913 3585 cirea
2941 3537 3138 3586 terram
3161 3537 3218 3585 et
3237 3530 3370 3585 ima-

1868 3610 2056 3677 ginem
2089 3608 2326 3663 exerceri
2370 3608 2546 3673 valet3
2582 3615 2637 3661 at
2669 3612 2813 3661 terra
2845 3612 2978 3662 tunc
3024 3619 3150 3660 nou
3171 3607 3366 3661 adora·

1872 3694 1976 3753 tur,
2005 3700 2162 3741 secus
2195 3686 2395 3753 image,
2427 3689 2481 3739 el
2511 3697 2700 3753 quare,
2736 3683 2812 3737 ib.

1806 3764 2162 3818 lrreverentia
2190 3764 2330 3816 facta
2377 3761 2604 3829 imagini
2638 3775 2704 3815 ex
2745 3764 3059 3826 contemptu
3091 3759 3365 3827 exempla-

1870 3840 1947 3894 ris
1979 3840 2152 3894 multo
2184 3840 2360 3905 major
2386 3851 2552 3905 quam
2593 3837 2732 3891 sacta
2769 3849 2832 3889 ex
2865 3836 2982 3889 sola
3015 3834 3368 3891 irreverentia

1870 3930 1998 3985 erga
2025 3929 2112 3969 res
2135 3928 2334 3977 sacras.
2367 3914 2442 3967 il).

1804 3994 1899 4048 {lei
1926 4000 1980 4047 et
2009 3992 2339 4060 Angelorum
2382 3988 2650 4058 imagines
2682 3986 3366 4057 quamvis‘metapltoricae.

1867 4070 2060 4123 codem
2095 4066 2303 4133 duplici
2337 4066 2503 4120 modo
2532 4065 2740 4128 cultus,
2770 4077 2880 4130 quo
2913 4064 3138 4132 reliquae
3173 4064 3367 4131 imagi*

1871 4158 1988 4209 nes,
2031 4143 2345 4204 adorandae,
2375 4156 2419 4195 s.
2447 4147 2494 4193 o.

1807 4221 1945 4275 Usus
1982 4226 2036 4273 et
2064 4218 2309 4274 adoratio
2332 4216 2634 4285 imaginum
2655 4228 2767 4269 non
2799 4221 2880 4269 est
2898 4215 2956 4267 in
2979 4221 3248 4283 praecepto
3267 4230 3368 4269 na-

1873 4296 2055 4356 turali,
2081 4307 2184 4348 nec
2205 4292 2416 4356 divino,
2451 4292 2526 4345 ib.

1810 4372 2156 4427 Consuetudo
2201 4377 2382 4425 tamen
2411 4368 2662 4423 Ecclesiae
2690 4368 2836 4421 eirca
2878 4366 3180 4435 imaginum
3208 4381 3366 4421 usum

1870 4454 1953 4502 est
1990 4448 2162 4502 instar
2185 4444 2459 4514 praecepti,
2493 4450 2549 4498 et
2572 4445 2794 4531 quando
2821 4443 3042 4511 obliget,
3074 4443 3148 4496 ib.

1808 4525 2098 4593 supposito
2133 4534 2412 4577 sacrarum
2445 4521 2748 4588 imaginum
2777 4535 2910 4585 usu,
2945 4518 3146 4586 duplex
3180 4520 3248 4572 de
3276 4533 3368 4571 ea·

1870 4614 1994 4655 rum
2019 4598 2338 4654 adoratione
2365 4610 2432 4651 ex
2462 4596 2580 4664 ipsa
2613 4610 2796 4651 rerum
2825 4602 3018 4650 natura
3044 4601 3370 4661 praeceptum

1874 4677 2049 4732 oritur
2069 4714 2084 4741 ,
2131 4674 2512 4729 affirmativum
2562 4688 2736 4729 unum
2763 4713 2776 4738 ,
2811 4672 3122 4740 negativum
3175 4671 3324 4724 aliud
3356 4712 3366 4733 ‚

1874 4767 1920 4807 s.
1958 4756 2006 4803 7.

1812 4828 2118 4897 Imaginum
2165 4839 2296 4880 usus
2327 4831 2518 4881 contra
2551 4825 2820 4879 idolorum
2857 4822 3060 4877 cultum
3095 4820 3370 4885 inventuS,

1876 4918 1921 4957 s.
1951 4909 1998 4957 8.

1812 4980 2082 5042 Quantum
2111 4978 2254 5033 inter
2283 4977 2586 5047 imaginum
2611 4974 2984 5029 adorationem
3017 4981 3071 5028 et
3099 4973 3369 5039 idolorum

1874 5056 2078 5111 cultum
2105 5053 2335 5117 intersit,
2360 5060 2414 5106 et
2447 5053 2588 5106 inter
2622 5048 2888 5115 imagines
2911 5054 2966 5103 et
2995 5048 3160 5114 idola,
3197 5050 3274 5103 11).

1812 5132 2082 5197 Imagines
2100 5134 2316 5194 nostrae,
2344 5140 2522 5193 neque
2549 5126 2712 5185 idola,
2739 5137 2917 5191 neque
2939 5124 3243 5189 simulacra,
3267 5139 3370 5189 ne-

1872 5220 1982 5273 que
2008 5204 2280 5272 sculptilia
2305 5201 2674 5267 nominandae,
2703 5200 2780 5255 id.

1810 5283 2071 5349 Imaginis
2094 5278 2450 5333 sanctificatio
2492 5289 2603 5331 non
2643 5274 2891 5330 consistit
2915 5274 2972 5327 in
3005 5276 3260 5330 unctione
3285 5276 3370 5329 vel

1874 5356 2258 5413 benedictione
2281 5355 2487 5422 aliqua,
2522 5353 2618 5407 sed
2645 5354 2702 5407 in
2748 5352 3221 5421 repraesentatione
3251 5364 3372 5420 per-

1876 5448 2027 5495 8011ae
2060 5444 2245 5494 saum,
2280 5445 2323 5485 s.
2361 5437 2410 5485 5.

1816 5509 2045 5580 Imagini
2091 5504 2418 5565 sacrificium
2459 5502 2643 5561 offerri
2686 5518 2796 5561 non
2833 5509 3038 5572 potest,
3085 5518 3260 5574 neque
3299 5506 3366 5561 ad
