3892 6167
1338 365 1657 422 DISPUTAT.
1692 369 1861 422 xmv.
1896 369 2064 422 ssscT.
2103 371 2139 421 l.
3197 373 3316 434 419

120 461 443 524 hominem
469 459 771 542 appellari
800 479 1085 536 servum,
1116 463 1236 524 uisi
1288 472 1529 527 tantum
1558 485 1675 548 per

120 553 581 633 metaphoram,
609 573 721 618 seu
754 557 1096 618 secundum
1146 559 1419 638 speciem
1470 567 1676 624 exter-

122 671 295 722 11221113
332 649 655 728 quomodo
702 649 893 714 etiam
931 659 1259 731 peccatum
1306 649 1673 736 dicitur-‘pro

120 745 293 806 nobis
320 743 549 808 faetus.

197 841 293 900 45.
341 840 651 918 Denique,
695 839 865 920 quod
900 859 1083 904 mens
1114 843 1370 904 Adriani
1414 849 1475 904 ct
1516 845 1674 906 Con-

120 933 235 994 cilii
280 933 476 996 fuerit
509 933 587 998 de
624 937 744 999 hac
786 937 1085 998 servitute
1114 937 1306 1018 loqui,
1354 941 1673 1002 nonnulla}

122 1033 253 1088 sunt
279 1028 683 1108 conjecturae.
718 1029 921 1092 Prima
952 1032 1113 1096 sumi
1142 1038 1343 1110 potest
1370 1049 1445 1094 cx
1473 1032 1676 1096 verbis

122 1137 249 1199 quse
278 1119 339 1180 in
375 1121 751 1200 praecedenti
781 1125 1191 1202 responsione
1222 1125 1669 1204 afferebantur,

124 1233 191 1276 ex
242 1215 423 1294 epist.
482 1215 741 1282 Concilii
779 1233 796 1278 ε
834 1217 927 1282 Et
966 1220 1025 1282 si
1053 1236 1186 1282 eum
1214 1219 1521 1302 Propheta
1551 1239 1673 1286 ser·

122 1325 245 1367 rum
290 1307 663 1388 nominasset
690 1354 711 1384 ,
768 1323 889 1374 non
955 1317 1155 1376 tamen
1202 1329 1276 1382 em
1340 1315 1676 1378 conditione

123 1401 455 1478 servitutis,
493 1403 599 1468 sed
638 1421 711 1468 σω
737 1405 1109 1470 humilitatis
1152 1408 1476 1472 obedientia
1502 1455 1519 1479 ,
1551 1417 1667 1472 etc.

124 1493 285 1564 Quod
312 1496 487 1556 enim
520 1495 604 1557 ibi
633 1499 889 1561 conditio
933 1500 1248 1565 servitutis
1294 1519 1407 1580 pro
1453 1502 1668 1582 spiritu

126 1589 347 1650 timoris
391 1589 775 1670 accipiatur,
818 1591 1061 1654 nullum
1092 1593 1279 1658 habet
1304 1595 1674 1658 fundamen-

124 1687 277 1753 tum;
329 1681 507 1760 quod
554 1689 765 1746 autem
820 1691 1105 1750 sumatur
1152 1705 1266 1768 pro
1317 1687 1671 1750 conditione

122 1775 347 1852 peccati
375 1781 441 1838 et
471 1777 698 1856 culpae,
742 1775 935 1840 habet
966 1780 1333 1853 maximum,
1362 1787 1493 1842 tum
1525 1782 1673 1862 quia

124 1869 398 1942 servitus,
441 1877 515 1932 ut
544 1871 695 1946 dixi,
728 1887 806 1932 ex
834 1872 1129 1951 primaeva
1174 1873 1561 1938 institutione
1591 1877 1675 1938 si-

124 1959 361 2038 gnificat
390 1963 633 2042 aliquid
658 1965 903 2044 poenale
923 2011 940 2040 ,
970 1972 1035 2028 et
1059 1967 1203 2028 ideo
1234 1967 1504 2030 conditio
1545 1988 1673 2032 ser*

126 2056 315 2120 vitutis
347 2057 575 2120 merito
603 2057 831 2122 dicitur
880 2060 1015 2140 ipsa
1044 2061 1271 2141 culpa3
1315 2069 1450 2124 tum
1483 2065 1673 2126 etiam

126 2147 259 2225 quia
286 2149 637 2213 conditioni
688 2151 1003 2218 servitutis
1041 2155 1379 2235 opponitur
1426 2156 1674 2218 bumili-

128 2243 257 2303 tatis
301 2244 687 2322 obedientia,
720 2245 889 2326 quia,
922 2247 1243 2328 nimirum,
1276 2267 1403 2310 uon
1448 2269 1673 2331 passus

130 2341 209 2396 est
229 2335 503 2400 Christus
545 2343 846 2420 tanquam
882 2339 1127 2402 debitor
1162 2359 1367 2421 poenae
1408 2359 1486 2404 ex
1527 2361 1667 2406 con-

131 2427 343 2492 ditione
370 2433 645 2510 peccati,
684 2434 797 2496 sed
820 2439 1121 2516 tanquam
1153 2434 1409 2498 humilis
1440 2442 1503 2499 et
1528 2437 1675 2500 obe·

130 2521 289 2584 diens
312 2523 499 2588 filius.
550 2527 709 2590 Tum
739 2529 1009 2592 maxime
1037 2529 1184 2608 quia
1232 2529 1295 2590 in
1326 2530 1491 2592 illius
1536 2549 1675 2594 sen-

132 2617 319 2678 tenties
337 2617 882 2684 confirmationem
902 2621 1155 2684 adducit
1169 2623 1509 2686 Concilium
1526 2625 1675 2686 Leo-

134 2725 261 2768 nem
289 2711 550 2791 Papam,
601 2731 793 2776 serm.
824 2720 863 2776 2
896 2715 974 2778 de
1005 2716 1359 2792 Nativitate,
1392 2717 1560 2780 hunc
1607 2717 1675 2780 iu

134 2801 364 2864 modum
394 2805 715 2870 dicentem
738 2825 755 2870 ε
777 2807 1118 2889 Assumpta
1147 2815 1235 2872 esc
1258 2809 1327 2872 de
1348 2815 1543 2874 matra
1573 2812 1677 2874 Ιιο-

132 2893 295 2956 minis
338 2903 597 2973 natura,
649 2917 769 2962 aon
819 2901 995 2982 culpa
1009 2927 1035 2974 ;
1083 2908 1289 2967 creata
1340 2907 1432 2966 est
1478 2907 1678 2978 forma

132 2988 271 3049 servi
318 2993 443 3055 siue
500 2995 841 3060 conditione
884 2995 1095 3060 servili
1110 3021 1137 3070 ;
1190 3002 1432 3058 certum
1462 3005 1673 3060 autem

135 3087 231 3156 est,
260 3085 419 3163 apud
444 3085 729 3149 Leonem
758 3103 837 3149 eo
872 3087 1033 3164 loco,
1066 3089 1453 3154 conditionem
1484 3093 1675 3154 servi-

134 3172 251 3248 lem,
281 3178 471 3258 culpae
506 3185 737 3242 statum
786 3180 1163 3261 significare,
1194 3201 1343 3246 nam
1388 3185 1543 3246 illud
1582 3186 1675 3266 ip·

136 3285 253 3329 sum
286 3271 451 3350 qaod
475 3273 747 3348 dixerat,
776 3281 1160 3355 assumptam
1192 3295 1329 3339 esse
1356 3276 1437 3339 de
1474 3285 1673 3342 matre

136 3359 377 3425 hominis
404 3369 705 3428 naturam
736 3374 799 3430 et
822 3385 951 3430 non
978 3369 1255 3449 culpam,
1278 3389 1397 3449 per
1416 3371 1537 3434 hoc
1561 3372 1673 3436 de-

137 3453 327 3531 clarat,
353 3459 529 3540 quod
554 3467 769 3524 creata
800 3468 895 3524 est
922 3461 1125 3525 forma
1154 3465 1318 3527 servi
1354 3465 1493 3528 sine
1523 3485 1673 3528 con-

138 3545 343 3613 ditione
366 3553 603 3616 servili.
624 3555 803 3630 Quod
822 3555 871 3618 si
897 3555 1181 3637 legamus
1200 3561 1329 3622 sino
1344 3559 1673 3624 conditione

136 3639 303 3720 virili,
342 3651 409 3710 ut
455 3647 657 3728 aliqui
708 3647 957 3712 codices
1002 3651 1243 3732 legunt,
1284 3669 1463 3732 teque
1508 3654 1673 3717 bene

140 3735 407 3814 quadrat3
450 3759 609 3804 nam
658 3743 848 3804 etiam
895 3762 972 3806 ex
1020 3745 1139 3808 hoc
1190 3745 1361 3826 quod
1396 3745 1673 3808 Christus

138 3844 246 3889 non
275 3849 347 3893 ex
370 3835 534 3912 vire,
566 3835 683 3898 sed
712 3853 791 3898 ex
822 3837 1054 3918 Spiritu
1074 3840 1301 3902 Sancto
1329 3847 1673 3920 conceptus

139 3927 235 3998 est,
266 3931 576 3992 maculam
624 3931 825 4011 culpae
881 3933 1255 3996 contrahere
1286 3951 1415 3996 non
1444 3935 1664 4016 potuit.

139 4012 289 4085 Quod
332 4023 605 4104 amplius
646 4024 922 4086 declarat
964 4026 1372 4105 sequentibus
1412 4027 1664 4090 verbis:

142 4105 275 4176 Quia
296 4129 483 4180 novus
509 4117 677 4179 homo
714 4118 809 4182 sie
841 4125 1315 4202 contemni-atus
1338 4124 1429 4184 ost
1454 4121 1665 4196 veteri,

138 4203 195 4260 ui
219 4209 269 4263 et
306 4209 623 4272 veritatem
652 4211 979 4291 susciperet
1026 4212 1295 4291 ymo-ie,
1347 4217 1405 4278 et
1454 4213 1669 4277 vitium

144 4291 441 4366 excluderet
468 4305 815 4378 vetustatis,
848 4303 915 4366 id
962 4311 1078 4378 est,
1128 4307 1213 4368 ita
1264 4305 1541 4370 Christus
1571 4325 1668 4370 as-

143 4391 371 4468 sumpsit
416 4395 883 4460 humanitatem
929 4415 1005 4462 ex
1042 4399 1241 4462 veteri
1283 4399 1525 4464 Adamo
1547 4446 1568 4477 ,
1598 4406 1668 4462 ut

142 4479 431 4550 veritatem
456 4497 705 4552 naturae
734 4491 873 4570 ejus
904 4493 1337 4572 assumpserit,
1360 4513 1490 4556 non
1516 4513 1665 4558 vero

140 4567 363 4655 viiluna
390 4580 515 4644 hoc
546 4601 697 4662 ergo
722 4583 839 4646 fuit
876 4585 1162 4666 accipere
1214 4587 1293 4648 de
1326 4594 1526 4650 matre
1552 4605 1666 4650 na-

148 4663 320 4728 turam
346 4679 405 4734 et
428 4693 563 4736 non
598 4675 875 4754 culpam,
916 4678 1183 4740 formam
1210 4681 1501 4742 servilem
1530 4681 1665 4743 sine

142 4759 463 4828 conditione
490 4769 739 4846 servili3
761 4771 1039 4832 conditio
1060 4789 1211 4852 ergo
1230 4774 1470 4834 servilis
1500 4773 1669 4853 apud

142 4842 239 4908 hos
266 4851 467 4920 Patres
498 4863 593 4922 est
614 4861 839 4924 vitium
866 4867 1127 4926 naturae.
1160 4863 1425 4936 Quidam
1451 4875 1671 4930 auctor

146 4938 213 5040 ati
239 4943 543 5015 mandam
566 4953 759 5034 hujus
780 4957 1123 5020 testimonii
1152 4958 1279 5018 vim
1304 4960 1397 5032 sic
1426 4960 1571 5022 citat
1604 4967 1665 5022 et

144 5027 434 5116 distinguit
460 5045 649 5108 rerba
672 5047 899 5112 Leonis
932 5071 947 5109 ε
980 5047 1289 5130 Suscepto
1315 5057 1405 5115 est
1442 5053 1511 5116 do
1532 5069 1665 5115 ma-

144 5127 219 5184 tre
243 5127 486 5203 hominis
522 5139 769 5203 Domini
796 5145 1051 5217 natura,
1085 5160 1205 5206 non
1230 5145 1447 5226 culpa,·
1472 5149 1534 5208 et
1556 5161 1665 5205 su·-

146 5229 243 5290 per
262 5220 417 5290 hane
437 5230 773 5296 lectionem
820 5233 1043 5298 fundat
1071 5238 1527 5317 expositionem
1559 5257 1666 5300 vo·

146 5301 470 5397 luam-iam,
502 5325 733 5388 scilicet
750 5373 767 5402 ,
796 5329 970 5408 quod
998 5345 1141 5391 cum
1168 5331 1235 5392 in
1262 5331 1381 5394 illis
1406 5331 1615 5395 verbis
1647 5349 1661 5393 ε

148 5399 443 5492 ,irrumpis
470 5421 559 5482 est
576 5419 833 5484 hominis
854 5423 1103 5486 Domini
1128 5431 1377 5497 natura,
1406 5443 1523 5488 non
1544 5425 1669 5488 cul·

147 5499 235 5568 Μ,
262 5499 377 5566 duo
400 5511 857 5592 contineantur,
886 5515 1187 5594 primum,
1210 5518 1467 5596 scilicet,
1498 5519 1669 5600 quo-d

1754 469 1832 530 sit
1860 473 2185 549 assumpta
2213 473 2438 532 natura
2459 467 2731 534 hominis
2751 471 3024 550 Domini,
3047 477 3316 554 explica-

1755 569 1857 624 tur
1910 581 2025 642 per
2083 565 2203 624 hoc
2227 608 2246 637 ,
2295 565 2450 644 quod
2502 569 2708 628 creata
2766 568 2858 628 est
2911 568 3116 640 forma
3160 570 3319 634 servi

1754 655 1885 718 sine
1909 657 2246 720 conditione
2269 655 2518 730 servili,·
2552 657 2899 718 secundum
2929 665 3166 736 autem,
3197 663 3318 724 sci-

1752 749 1919 826 licet,
1947 749 2114 829 quod
2145 767 2272 810 non
2314 749 2502 813 fuerit
2529 757 2852 832 assumpta
2881 753 3088 834 culpa,
3113 755 3316 818 decla·

1756 848 1930 904 ratur
1956 861 2071 922 per
2099 843 2275 916 illud,
2307 844 2449 924 quia
2472 861 2660 908 novus
2686 845 2852 908 homo
2877 847 2968 910 sic
2996 853 3318 928 contempe-

1754 943 1934 1001 ratus
1973 942 2066 1002 ost
2102 937 2312 1012 veteri,
2341 941 2488 1010 etc.;
2523 939 2694 1002 etita
2729 939 3141 1016 concluditur,
3168 957 3318 1005 con-

1758 1030 2062 1094 ditionem
2093 1029 2384 1094 servilem
2429 1030 2514 1092 ibi
2543 1031 2828 1094 absolute
2860 1039 2920 1093 et
2955 1033 3316 1114 simpliciter

1758 1126 1945 1201 sumi,
1979 1131 2043 1188 et
2067 1145 2193 1188 non
2228 1145 2343 1207 pro
2375 1127 2730 1190 conditione
2773 1129 2993 1208 culpis.
3027 1127 3151 1192 Sed
3196 1129 3317 1190 im-

1756 1219 1972 1299 primis
2021 1219 2126 1282 illa
2165 1219 2348 1282 lectio
2397 1237 2604 1300 neque
2647 1219 2712 1280 in
2749 1221 3065 1284 codicibus
3093 1222 3317 1284 Leonis

1756 1311 2088 1392 reperitur,
2144 1312 2316 1392 quod
2345 1331 2463 1392 ego
2491 1313 2779 1388 viderim,
2809 1331 3019 1394 neque
3049 1315 3113 1374 in
3158 1317 3319 1376 Con-

1757 1405 1898 1468 cilio
1949 1406 2035 1466 ita
2063 1405 2310 1478 citatur,
2343 1405 2456 1466 sed
2485 1405 2734 1468 codices
2763 1407 2986 1470 Leonis
3017 1408 3280 1486 frequen
3298 1442 3316 1452 -

1758 1499 1879 1560 tius
1918 1499 2176 1578 legunt:
2207 1497 2544 1578 Δημητρία
2584 1503 2672 1562 est
2716 1501 2784 1564 de
2831 1507 3024 1564 matre
3055 1501 3317 1563 hominis

1754 1588 1984 1654 natura
1996 1616 2024 1666 ,·
2053 1591 2121 1652 in
2151 1591 2426 1654 Concilio
2457 1608 2608 1654 vero
2650 1593 2831 1672 juxta
2877 1593 3166 1656 ultimam
3196 1595 3319 1654 Ro-

1755 1703 2012 1748 manam
2042 1685 2406 1763 editionem,
2451 1685 2538 1748 ita
2567 1686 2832 1748 citatur:
2861 1687 3203 1770 Asmmpta
3232 1693 3320 1750 est

1754 1781 1825 1842 de
1851 1785 2044 1844 matre
2087 1781 2340 1844 Domini
2365 1784 2615 1852 natura,
2645 1798 2764 1842 mm
2791 1781 3004 1860 culpm-
3025 1781 3130 1844 illa
3166 1800 3317 1844 vero

1757 1873 2116 1952 conjunctio
2149 1873 2410 1938 hominis
2436 1873 2710 1950 Domini,
2751 1880 2814 1936 et
2840 1874 3154 1954 reperitur
3181 1875 3321 1938 nul-

1756 1965 1886 2050 libi,
1926 1971 1990 2027 et
2025 1965 2156 2028 fere
2187 1966 2481 2028 inusitata
2525 1973 2641 2027 est.
2671 1966 2906 2030 Deinde
2929 1967 3037 2030 illa
3065 1969 3317 2048 partitio

1758 2065 1819 2121 et
1848 2059 2344 2122 accommodatio
2366 2059 2702 2122 verborum
2729 2079 2856 2122 non
2879 2060 3072 2122 habet
3095 2061 3316 2124 funda-

1754 2159 2039 2216 mentum
2067 2155 2136 2216 in
2159 2155 2368 2218 verbis
2382 2154 2631 2216 Leonis.
2659 2155 2814 2232 lm0,
2837 2157 2888 2217 si
2913 2162 3148 2218 attente
3173 2175 3319 2218 cou-

1754 2247 2104 2311 sideremns
2154 2248 2398 2328 priores
2444 2247 2602 2310 duas
2632 2250 3118 2330 propositioneS,
3150 2250 3323 2312 scili-

1755 2345 1855 2404 cet
1884 2360 1899 2404 :
1937 2342 2272 2422 Assumpta
2309 2347 2400 2407 est
2444 2347 2694 2413 natura,
2724 2361 2844 2406 non
2872 2343 3075 2424 culpa,
3118 2349 3322 2408 creata

1754 2441 1845 2500 est
1868 2441 2069 2515 turma
2097 2437 2260 2500 servi
2288 2438 2421 2499 sim
2449 2437 2782 2500 condicione
2821 2438 3055 2509 emili,
3086 2437 3320 2518 positas

1757 2545 1899 2591 esse
1928 2527 2064 2590 sine
2107 2529 2237 2590 ulla
2269 2528 2504 2592 causali
2551 2535 2738 2604 nota,
2773 2530 2902 2592 imo
2951 2530 3140 2594 etiam
3181 2529 3317 2591 sine

1756 2621 1884 2682 ulla
1913 2621 2382 2702 conjunctione,
2413 2621 2598 2686 facile
2623 2623 3004 2704 intelligetur
3029 2623 3317 2686 eamdem

1756 2733 1893 2777 rem
1922 2715 2167 2777 diverso
2217 2715 2407 2778 modo
2459 2733 2532 2778 ac
2573 2715 2832 2780 diversis
2859 2717 3068 2780 verbis
3107 2716 3172 2778 in
3223 2715 3316 2778 eis

1757 2807 2102 2881 declarari3
2134 2825 2280 2872 cum
2305 2827 2456 2870 vero
2485 2815 2704 2887 postea
2729 2809 2982 2872 additur
3002 2815 3148 2870 nota
3171 2827 3314 2870 cau-

1759 2901 1933 2978 salia,
1971 2901 2116 2983 quia
2143 2919 2331 2966 novus
2357 2903 2548 2978 homo,
2582 2907 2728 2974 etc„
2755 2903 3085 2966 manifeste
3109 2900 3316 2964 reddi-

1756 2995 1860 3056 tur
1887 2995 2048 3058 ratio
2093 2995 2421 3074 utriusque
2469 2997 2664 3076 partis
2692 2999 3001 3058 contentae
3051 2995 3115 3056 in
3160 3012 3314 3075 qua-

1755 3105 2006 3168 cunque
2077 3107 2158 3150 ex
2227 3089 2538 3169 prioribus
2589 3089 3143 3170 propositionibus.
3199 3089 3314 3162 Qui

1756 3199 1980 3243 sensus
2007 3199 2228 3244 revera
2257 3188 2356 3244 est
2382 3183 2543 3245 adeo
2579 3182 2787 3244 clarus
2829 3191 2894 3244 et
2919 3182 3310 3262 perspicuae,

1754 3281 1827 3336 ut
1852 3275 2080 3336 mirum
2110 3273 2191 3336 sit
2213 3273 2492 3354 potuisse
2523 3275 2604 3337 de
2637 3275 2744 3336 illo
2775 3275 3071 3338 dubitari.

1831 3369 1937 3430 46.
1969 3365 2260 3432 Secundo
2304 3367 2714 3431 confirmatur
2743 3375 2808 3432 et
2850 3369 3148 3432 suadetur
3186 3385 3315 3432 am-

1750 3461 1915 3542 plius
1937 3461 2074 3524 haec
2104 3461 2432 3541 expositiO,
2457 3461 2666 3524 verbis
2691 3479 2832 3541 quae
2857 3461 3138 3542 proxime
3169 3463 3314 3524 sub-

1746 3555 1958 3635 jungit
1983 3554 2326 3620 Concilium
2361 3573 2375 3616 ε
2410 3553 2630 3620 Nomio
2655 3557 2972 3620 secundum
2992 3555 3181 3619 seculi
3207 3575 3314 3618 uo-

1754 3649 2050 3714 bilitatem
2077 3649 2458 3713 Beati-wimer
2477 3649 2692 3712 Maria
2727 3647 2908 3728 Viryo
2936 3663 3011 3711 σω
3037 3647 3234 3731 reqali
3257 3655 3314 3711 et

1754 3744 1946 3808 libera
1969 3743 2272 3824 prosapia
2305 3741 2640 3822 processit?
2670 3741 2842 3808 Huic
2881 3757 3018 3805 vero
3065 3741 3315 3819 Viryim:

1752 3839 1940 3916 reyioe
1963 3837 2291 3917 dimicatis
2331 3833 2614 3915 Spiritus
2655 3833 2926 3900 Sanctus
2954 3835 3228 3904 accessit,
3257 3839 3315 3897 et

1752 3931 1994 3994 Filium
2019 3948 2094 3994 σω
2130 3945 2200 3992 ea
2227 3929 2547 4010 procreari
2576 3929 2744 4004 fecit.
2771 3929 3032 4000 Mirum,
3068 3927 3126 3990 si
3160 3925 3314 4004 Spi-

1752 4025 1917 4089 ritus
1942 4023 2218 4088 Sanctus
2245 4021 2539 4084 hominem
2564 4037 2636 4082 ex
2664 4037 2732 4086 ea
2753 4038 2873 4084 non
2891 4020 3094 4102 potuit
3119 4023 3314 4097 facere

1744 4123 2084 4198 perfectum
2111 4119 2168 4180 et
2191 4115 2516 4195 inuentum
2531 4114 2560 4176 Y
2577 4113 2812 4185 Quibus
2833 4113 3044 4176 verbis
3067 4114 3188 4174 hoc
3215 4131 3312 4175 so·

1751 4213 1883 4274 lum
1924 4209 2270 4272 intenditur
2317 4215 2382 4272 et
2421 4207 2748 4287 probatur,
2797 4207 3108 4270 Christum
3144 4225 3218 4270 ex
3248 4209 3309 4268 vi

1751 4303 2178 4383 conceptionis
2205 4319 2334 4364 suae
2354 4300 2718 4364 servitutem
2745 4302 2980 4380 peccati
3005 4317 3136 4364 non
3160 4320 3310 4363 con-

1748 4399 2038 4475 traxisse,
2069 4415 2196 4460 non
2233 4395 2436 4460 solum
2471 4394 2618 4473 quia
2646 4396 2816 4456 Deus
2849 4400 2983 4456 erat
3011 4395 3217 4474 (quod
3242 4395 3307 4456 in

1750 4497 1869 4556 hac
1906 4494 2148 4556 ratione
2189 4511 2318 4554 non
2361 4491 2712 4571 tangitur),
2753 4490 2866 4553 sed
2893 4491 3042 4570 quia
3069 4509 3198 4554 non
3231 4509 3308 4552 ex

1746 4587 1904 4660 viro,
1926 4587 2038 4648 sed
2066 4585 2146 4648 de
2169 4585 2404 4666 Spiritu
2427 4585 2655 4646 Sancto
2680 4591 3022 4663 conceptus
3047 4589 3158 4646 est.
3183 4585 3306 4646 Un-

1748 4680 1828 4742 de
1862 4681 1979 4741 hoc
2009 4679 2216 4757 ipsum
2241 4678 2425 4740 tertio
2449 4676 2773 4740 declarant
2798 4675 2992 4738 verba
3021 4693 3160 4756 quoe
3183 4685 3307 4739 sta-

1748 4772 1861 4834 tim
1889 4773 1956 4833 in
1982 4771 2207 4834 eodem
2229 4769 2503 4834 Concilio
2533 4775 2924 4848 sequuntur:
2957 4769 3086 4834 Sed
3103 4775 3162 4832 ot
3201 4771 3308 4834 hoo

1746 4865 2028 4930 volumus
2052 4883 2092 4928 a
2121 4864 2290 4927 vobis
2315 4864 2550 4937 audire,
2582 4881 2662 4926 cm
2683 4861 2900 4939 Adam,
2921 4865 3165 4942 pn‘mtcs
3197 4865 3307 4926 hu·

1747 4959 1921 5022 mani
1942 4959 2184 5038 ymo-is
2209 4961 2406 5036 pater,
2443 4959 2548 5036 qui
2573 4957 2644 5019 de
2676 4962 2844 5020 terra
2875 4957 3116 5038 vir-‚qim
3139 4974 3306 5022 crea-

1747 5057 1850 5116 tus
1886 5055 2001 5124 est,
2049 5051 2194 5114 liber
2237 5052 2390 5113 esset
2443 5050 2718 5112 conditus
2735 5092 2758 5124 ,
2786 5050 2916 5112 sive
2944 5065 3174 5113 servus.
3225 5049 3306 5112 Si

1748 5161 1982 5222 smus,
2009 5144 2294 5225 qumodo
2337 5145 2482 5206 teme
2528 5142 2730 5224 imayo
2779 5141 2940 5204 Dei?
2997 5141 3080 5208 Si
3131 5142 3300 5216 liber,

1748 5255 1935 5319 quare
1961 5242 2020 5302 ot
2041 5233 2328 5302 Christus
2351 5253 2576 5317 quoquo
2595 5251 2716 5297 non
2739 5234 3038 5318 inqenuus
3065 5236 3134 5298 de
3169 5233 3305 5301 Vir-

1748 5333 1933 5412 qim?
1967 5337 2031 5394 et
2053 5329 2218 5392 infra
2245 5349 2264 5390 t
2299 5329 2465 5394 Unde
2479 5327 2682 5392 Adam
2701 5330 2832 5406 suit
2852 5345 3057 5392 smus
3073 5329 3304 5405 factus,

1748 5425 1877 5488 nisi
1899 5443 1974 5490 σω
1996 5425 2282 5508 peccato?
2305 5429 2424 5486 etc.
2459 5425 2715 5484 Constat
2743 5422 2934 5502 igitur
2961 5421 3307 5484 Concilium

1750 5517 1923 5597 loqui
1951 5519 2030 5582 de
2056 5517 2352 5580 servitute
2383 5533 2460 5579 ex
2479 5519 2736 5596 peccato
2763 5521 3098 5578 contracta.
3125 5515 3303 5590 Nam,
