3892 6167
1560 326 1753 384 tribssx
1783 320 2014 377 RERUM.

64 415 203 545 Νοέι
246 418 767 550 Ἧιιῑιίρὲὶοαιιιιιι·
804 435 907 479 nec
940 424 1353 493 distinguuntur
1386 428 1445 481 in
1478 436 1593 481 esse
1626 421 1740 486 Dei»

194 534 207 545 .
340 536 356 561 ,
402 511 459 551 s.
540 536 557 550 .

68 572 379 701 Pet-{onis
418 575 666 632 divinis
686 578 972 646 tripliciter
990 584 1165 648 potest
1187 580 1397 649 aliquid
1425 583 1741 649 convenire,

152 663 171 698 1
231 690 244 700 .

79 724 244 777 Sunt
273 729 411 781 tres
437 729 837 797 subsistentes,
860 732 1025 787 etiam
1042 733 1397 802 substantive,
1417 750 1462 789 s,
1489 740 1536 789 4.

82 802 155 851 Et
182 806 315 855 tres
336 804 770 872 subsistentiae,
794 808 849 861 d.
874 812 955 873 22,
978 824 1021 863 5.
1048 815 1097 863 2.

84 876 320 963 Diyina
360 892 642 946 persona
682 884 817 951 quid
852 885 1138 953 significet,
1180 888 1423 956 quidque
1455 889 1512 942 in
1549 888 1642 941 illa
1674 889 1745 942 sit

166 959 783 1023 incommunicabile,
819 960 874 1013 d.
904 966 986 1024 11,
1012 977 1055 1013 5.
1085 966 1131 1015 t.

89 1028 259 1115 inter
296 1035 792 1162 consultationem
816 1037 1023 1092 divinae
1049 1050 1295 1107 personae
1316 1047 1370 1094 et
1388 1044 1599 1104 creatae,
1626 1038 1743 1093 dis-

165 1118 449 1175 crimen,
483 1110 504 1162 i
560 1149 573 1163 .

94 1183 245 1235 Tres
266 1196 575 1250 personae
590 1194 719 1244 sunt
738 1189 830 1243 hic
848 1190 1005 1257 neus,
1025 1205 1122 1245 seu
1138 1192 1487 1248 individuum
1506 1194 1741 1259 deitatis,

166 1273 301 1312 una
328 1262 693 1327 substantia,
722 1280 897 1321 unum
929 1267 1246 1333 subsistens,
1270 1269 1345 1323 ib.

98 1336 471 1393 Necessario
512 1340 615 1395 ubi
636 1356 749 1397 una
770 1349 867 1408 est,
902 1348 983 1397 est
1002 1345 1129 1407 alia,
1152 1344 1207 1399 d.
1234 1350 1315 1411 12,
1350 1360 1394 1398 5.
1420 1351 1467 1397 2.

102 1412 169 1462 ιιι
190 1413 327 1466 solo
355 1415 619 1472 relativo
642 1418 1073 1487 distinguuntur,
1109 1422 1183 1474 ib.

106 1488 175 1539 ln
196 1489 425 1542 eadem
454 1498 667 1547 natura
686 1496 1091 1549 communicare
1115 1504 1357 1564 possunt,
1386 1499 1495 1552 imo
1514 1503 1568 1551 et
1588 1512 1742 1553 assu-

178 1578 351 1621 mere
374 1570 655 1623 eamdem
674 1575 942 1636 naturam,
962 1578 1016 1625 et
1032 1574 1269 1641 propriis
1286 1574 1604 1629 substantiis
1621 1586 1741 1629 eam

179 1642 556 1710 terminare,
587 1658 743 1701 secus
766 1648 824 1701 in
846 1648 1035 1702 eadem
1058 1662 1307 1716 persona,
1337 1650 1391 1704 d.
1416 1655 1499 1716 15,
1520 1665 1563 1703 s.
1596 1658 1644 1702 2.

110 1716 285 1779 Quod
320 1720 379 1773 si
418 1722 505 1775 de
534 1722 673 1777 facto
703 1730 1040 1779 assumerent
1070 1739 1235 1779 unam
1271 1732 1520 1781 naturam
1545 1729 1741 1782 buma-

182 1808 354 1861 nam,
383 1806 591 1853 essent
607 1813 751 1853 unus
770 1802 933 1855 homo
952 1818 963 1868 ;
996 1804 1143 1869 quod
1162 1804 1207 1856 si
1229 1803 1487 1870 quaelibet
1504 1818 1742 1859 assume-

178 1877 275 1925 ret
290 1872 643 1929 distinctam
665 1882 932 1946 naturam,
951 1885 1132 1934 essent
1150 1884 1259 1934 tres
1278 1880 1549 1947 homineS,
1577 1882 1630 1934 d.
1658 1886 1737 1949 13,

184 1963 235 2001 S.
265 1955 321 2003 3.

114 2011 255 2065 Sola
296 2026 569 2079 persona
601 2014 841 2071 increata
870 2022 1045 2085 potest
1076 2020 1312 2073 alienam
1346 2026 1594 2075 naturam
1629 2028 1739 2077 ter-

184 2090 457 2156 minare,
497 2098 555 2147 et
584 2106 771 2159 quare,
801 2109 845 2148 s.
874 2100 924 2148 4.

118 2166 418 2232 concilia,
456 2182 589 2235 quae
614 2170 813 2225 docent
838 2175 947 2225 tres
980 2184 1241 2237 personas
1271 2185 1389 2227 esse
1420 2188 1586 2228 unam
1607 2176 1741 2229 sub-

188 2243 484 2296 stantiam
514 2246 573 2297 in
595 2248 721 2312 Deo,
759 2247 1071 2314 significant
1090 2262 1206 2301 esse
1231 2249 1287 2301 in
1310 2251 1419 2303 Deo
1438 2250 1739 2305 absolutam

196 2317 663 2382 subsistentiam,
698 2323 753 2377 d.
778 2327 859 2386 11,
892 2336 939 2377 5.
962 2328 1007 2375 3.

132 2390 357 2445 Eadem
396 2396 749 2450 humanitate
770 2410 803 2449 a
826 2398 1001 2453 tribus
1028 2400 1275 2465 personis
1300 2408 1592 2470 assumpta,
1627 2416 1737 2457 non

204 2474 360 2522 esset
396 2472 637 2536 majoris
666 2472 867 2527 valoris
899 2480 1049 2527 actus
1079 2474 1149 2527 ab
1182 2476 1293 2529 illis
1314 2477 1545 2543 elicituS,
1574 2492 1739 2545 quam

202 2550 289 2597 est
312 2548 501 2601 modo
523 2552 675 2603 actus
690 2549 909 2617 christi,
937 2551 993 2606 d.
1018 2558 1067 2617 4,
1100 2566 1145 2605 s.
1171 2556 1219 2605 4.

814 2682 864 2721 D.
901 2682 1099 2723 Parnon.

132 2775 255 2829 Non
280 2778 511 2832 mer-uit
527 2779 598 2833 de
616 2781 895 2847 condigno
916 2783 1582 2853 Ecclesiae·principatum,
1616 2801 1739 2841 sus-

200 2853 357 2981 cep-it
376 2860 578 2983 ttamen
600 2858 1016 2984 cogivenientem
1042 2860 1360 2927 gratiamssad
1390 2876 1593 2918 munus
1613 2878 1739 2931 pas-

230 2940 372 2994 or1S,
467 2972 479 2983 .
541 2975 552 2996 ,
587 2944 630 2986 5.
690 2970 703 2983 .

509 3044 531 3079 ⁴
666 3060 831 3109 matt,
865 3062 924 3101 er
954 3062 1260 3103 »multu-ras.

158 3152 339 3206 Poena
372 3156 578 3209 aeterna
606 3196 617 3220 ,
656 3156 819 3207 etiam
871 3156 1057 3209 damni
1084 3198 1095 3221 ,
1138 3159 1461 3225 simpliciter
1508 3172 1619 3215 non
1662 3170 1741 3219 est

219 3230 465 3296 aequalis
486 3231 661 3299 culpae
684 3231 922 3297 mortali,
950 3233 1004 3285 d.
1029 3236 1077 3296 4,
1102 3246 1147 3285 5.
1174 3239 1223 3286 7.

151 3305 332 3360 Poena
360 3314 567 3361 aeterna
594 3320 706 3360 non
738 3308 1063 3375 remittitur,
1099 3308 1207 3362 nisi
1234 3311 1393 3379 culpa
1418 3312 1738 3381 remittatur,

218 3395 263 3433 5.
299 3388 348 3435 8.

154 3458 332 3511 Poena
366 3460 684 3526 temporalis
715 3473 813 3527 pro
836 3475 944 3528 qua
964 3463 1141 3528 justus
1161 3464 1437 3529 satisfacit,
1469 3478 1532 3518 ex
1554 3466 1739 3532 operi-

224 3535 337 3589 bus
356 3536 667 3600 remittitur,
694 3551 738 3590 s.
763 3542 811 3590 9.

156 3608 351 3663 Poenae
373 3612 685 3679 temporalis
705 3616 911 3666 reatum
937 3627 1156 3669 manere
1177 3616 1231 3668 in
1256 3622 1449 3669 natura
1468 3624 1740 3683 assumpta

228 3700 263 3737 a
282 3686 484 3748 Verbo,
510 3700 631 3753 quae
655 3694 780 3742 ante
802 3692 1227 3757 assumptionem
1246 3698 1533 3759 peccasset,
1552 3694 1741 3759 impli-

228 3770 339 3825 cat,
363 3775 521 3815 secus
540 3768 775 3830 aeternae,
809 3766 864 3818 d.
896 3770 977 3829 32,
996 3780 1041 3819 s.
1063 3774 1111 3823 2.

160 3836 519 3889 Poenalitates
542 3839 706 3903 hujus
725 3840 847 3894 vitae
866 3853 963 3893 cur
984 3843 1225 3896 Christus
1243 3856 1516 3896 assumere
1534 3844 1742 3908 debuit,

236 3923 355 3963 non
390 3912 631 3976 alterius,
670 3914 723 3966 d.
748 3919 829 3980 31,
852 3930 893 3969 s.
918 3924 965 3969 9.

168 3986 281 4037 Nec
302 3986 401 4039 has
418 4000 691 4042 assumere
719 3990 821 4044 fuit
838 3993 1066 4046 omnino
1091 3993 1481 4059 necessarium,
1521 3995 1595 4047 ib.

803 4116 1127 4157 Putant-:mnu

170 4214 455 4280 Significat
475 4216 907 4269 retractationem
940 4219 1175 4285 propriae
1196 4220 1511 4285 voluntatis,
1541 4237 1665 4289 quie
1688 4224 1743 4277 in

238 4290 451 4344 Christo
486 4291 665 4345 locum
700 4304 812 4346 non
849 4293 1054 4358 habuit,
1092 4295 1216 4349 ticet
1242 4296 1747 4354 babueritchristus

238 4365 483 4419 habitum
508 4367 865 4433 poenitentiae,
901 4370 955 4421 d.
983 4373 1028 4423 4.
1050 4384 1094 4423 5.
1118 4376 1165 4423 5.

174 4441 361 4504 Qualis
384 4442 601 4496 habitus
620 4444 707 4506 sit,
730 4448 785 4497 et
802 4458 911 4511 qua
934 4447 1143 4502 ratione
1164 4462 1287 4514 pars
1306 4448 1549 4516 justitiae,
1588 4452 1659 4504 ib.

177 4517 493 4584 imperfecte
518 4524 722 4571 tantum
745 4521 1005 4575 satisfacit
1026 4535 1124 4589 pro
1145 4530 1383 4591 peccam,
1408 4532 1489 4579 1⁰.

730 4646 961 4686 ponifex
993 4650 1204 4689 sumtus.

184 4746 457 4801 Pontificis
496 4747 702 4800 Summi
755 4748 1017 4804 decisioni
1066 4750 1247 4816 potius
1279 4752 1535 4805 standum
1580 4766 1745 4818 quam

246 4822 521 4877 communi
544 4824 760 4875 Petrum
782 4824 1086 4890 sententiae,
1110 4824 1163 4877 d.
1186 4828 1269 4889 44,
1288 4840 1331 4878 5.
1362 4832 1409 4879 1.

186 4898 427 4952 Pontifex
469 4900 725 4952 Summus
770 4910 883 4952 non
916 4900 1077 4953 habet
1107 4901 1415 4955 dominium
1452 4904 1744 4970 temporale

248 4974 507 5029 directum
542 4988 725 5028 rerum
755 4976 1044 5042 omnium„
1078 4977 1133 5029 d.
1165 4982 1247 5042 48,
1282 4992 1325 5031 5.
1349 4983 1398 5030 2.

830 5103 1067 5141 Pon-:nrm
1074 5128 1085 5142 .

188 5198 419 5326 Ροὲοηιίει
454 5205 510 5251 ut
540 5191 653 5253 non
688 5200 899 5253 dicatur
932 5196 1131 5251 frustra
1162 5210 1279 5252 esse
1310 5198 1447 5265 quid
1480 5198 1737 5267 requirat,

193 5279 425 5403 Poteni‘ia
442 5280 661 5416 gbzsica
680 5354 872 5417 activa,
902 5364 1027 5420 quse
1046 5351 1135 5416 sit,
1168 5351 1223 5406 d.
1249 5356 1327 5414 at,
1360 5365 1403 5405 s.
1426 5358 1473 5405 a.

192 5427 421 5481 Potentia
441 5428 615 5481 activa
634 5438 747 5481 non
766 5428 1087 5483 denominat
1106 5433 1378 5495 potentem
1400 5468 1413 5493 ,
1448 5427 1553 5481 nisi
1576 5426 1633 5481 id
1652 5428 1740 5481 cui

256 5502 403 5566 inest,
424 5515 549 5567 quae
581 5503 952 5559 denominatio
975 5504 1271 5559 intrinseca
1290 5508 1390 5569 est,
1424 5517 1467 5555 S.
1491 5508 1539 5554 6.

3265 328 3380 392 711

1822 416 2086 472 Potentiis
2115 418 2315 472 animae
2335 419 2560 488 praecise
2581 422 2953 489 consideratis
2986 425 3172 495 aliqua
3190 426 3276 483 vis
3291 439 3388 482 ac-

1886 496 1998 550 tiva
2021 496 2162 548 inest
2181 495 2252 548 ad
2271 498 2707 562 supernaturales
2727 506 2894 564 actus,
2927 501 3002 554 ib.

1822 570 1950 635 Quae
1981 582 2094 625 non
2125 576 2208 625 est
2232 573 2513 638 naturaliS,
2547 574 2646 628 sed
2675 575 3074 643 obedientialis,
3109 580 3185 633 ib.

1822 647 1923 700 Per
1957 646 2105 701 illam
2129 654 2463 703 concurrunt
2481 654 2544 703 ut
2573 653 3008 717 supernaturalia
3029 656 3388 713 instrumenta

1883 722 2089 787 vitalia,
2121 728 2174 776 et
2191 724 2488 791 aliquando
2522 726 2715 791 libera,
2749 727 2864 782 sive
2886 741 3009 783 cum
3035 730 3241 793 habitu,
3271 731 3386 787 sive

1886 812 2012 853 cum
2033 799 2238 855 auxilio
2257 800 2578 867 extrinseco,
2613 802 2668 857 d.
2691 808 2772 869 37,
2793 818 2836 859 5.
2862 810 2910 859 3.

1824 875 2104 1008 Ωιῗιῃοᾱο
2139 883 2193 931 et
2219 890 2317 944 per
2355 891 2495 945 quos
2525 884 2676 934 actus
2703 882 2943 949 potentia
2985 884 3383 952 specificentur,

1930 992 1941 1005 .
1966 958 2045 1016 31,
2070 967 2114 1005 s.
2144 959 2192 1007 8.

1824 1028 2068 1083 Potentia
2089 1030 2352 1085 naturalis
2375 1031 2686 1089 nullatenus
2712 1034 3050 1101 specificatur
3071 1050 3168 1105 per
3193 1050 3386 1105 super-

1887 1104 2162 1159 naturales
2187 1111 2360 1170 actuS,
2389 1107 2464 1161 ib.

2279 1236 2510 1277 romuli
2544 1239 2833 1281 onzntmtna
2838 1240 2930 1283 us.

1822 1330 2066 1383 Potentia
2091 1330 2493 1399 obedientialis,
2518 1334 2670 1400 quid,
2702 1335 2756 1389 d.
2789 1340 2866 1400 sl,
2897 1350 2939 1391 s.
2965 1342 3012 1388 6.

1820 1406 2026 1473 Duplex
2059 1412 2156 1470 est,
2179 1413 2232 1460 et
2252 1420 2376 1474 quae
2405 1408 2514 1475 illa,
2537 1410 2592 1464 d.
2617 1414 2698 1473 24,
2724 1425 2768 1465 5.
2795 1417 2844 1465 4.

1822 1482 2008 1536 Solum
2043 1489 2124 1537 est
2157 1490 2402 1551 respectu
2429 1487 2708 1551 creatoris,
2734 1488 2788 1541 d.
2821 1492 2900 1550 31,
2927 1500 2972 1541 s.
2999 1492 3045 1541 4.

1822 1560 2065 1613 Potentia
2093 1560 2476 1615 obedientialis
2495 1562 2670 1617 activa
2689 1563 2832 1617 sicut
2858 1564 3086 1629 passiva,
3113 1564 3170 1616 in
3199 1564 3385 1617 omni-

1884 1637 1990 1691 bus
2021 1638 2300 1693 creaturis.
2325 1652 2364 1691 s.
2402 1645 2450 1691 6.

1821 1712 1968 1767 Licet
1990 1715 2200 1777 innata,
2221 1726 2332 1767 non
2353 1714 2635 1769 constituit
2653 1715 2975 1783 simpliciter
2993 1720 3286 1782 potentem,
3309 1715 3388 1770 ib.

1819 1790 2080 1843 Potentiae
2103 1788 2491 1844 obedientialis
2511 1790 2719 1855 activae,
2741 1802 2864 1857 quae
2891 1792 3198 1857 necessitaS,
3219 1792 3292 1845 ib.

1819 1866 2100 1919 Possibilis
2141 1866 2571 1933 demonstratur,
2621 1872 2675 1921 et
2719 1872 2830 1921 tam
2873 1868 3176 1923 necessaria
3221 1880 3388 1935 quam

1858 1944 2117 2009 passiva,
2154 1944 2229 1995 ib.

1821 2017 1945 2071 Dari
1975 2018 2236 2085 probatur
2258 2016 2574 2073 auctoritate
2604 2018 2840 2081 Patrum,
2871 2018 2946 2071 ib.

1820 2093 1935 2157 Quo
1969 2094 2186 2149 differat
2215 2108 2252 2148 a
2280 2094 2521 2161 potentia
2557 2092 2811 2157 naturali,
2843 2093 2919 2146 ib.

1821 2172 1953 2223 'ram
1975 2172 2151 2225 activa
2168 2184 2336 2237 quam
2363 2171 2578 2237 passiva
2598 2170 2784 2236 aliquo
2807 2169 2970 2225 modo
2996 2174 3078 2223 est
3103 2168 3384 2233 naturalis,

1883 2259 1998 2301 non
2032 2253 2214 2301 tamen
2246 2246 2586 2313 simpliciter,
2623 2246 2698 2299 ib.

1822 2322 2212 2377 Obedientialis
2238 2320 2469 2390 passiva,
2491 2322 2742 2389 positiva.
2765 2328 2820 2377 et
2839 2322 3000 2376 realis
3027 2323 3284 2390 potentia,
3309 2324 3384 2376 ib.

1820 2400 2079 2461 Potentiae
2100 2399 2484 2453 obedientialis
2515 2411 2616 2453 vox
2638 2398 2896 2454 attributa
2928 2400 3091 2453 rebus
3111 2398 3389 2452 inanima-

1885 2474 1970 2531 tis,
1997 2475 2209 2541 aliquid
2241 2476 2570 2540 metaphorae
2600 2475 2847 2541 involvit,
2872 2474 2950 2528 ib.

1820 2550 2138 2605 Nullatenus
2169 2550 2525 2619 distinguitur
2553 2552 2622 2605 ab
2654 2551 2773 2619 ipsa
2803 2564 2863 2604 re
2891 2550 2980 2605 cui
3019 2550 3176 2614 inest,
3207 2562 3390 2618 neque

1882 2633 1965 2681 est
1988 2628 2060 2682 ab
2086 2627 2180 2681 illa
2199 2626 2540 2695 separabilis,
2563 2628 2639 2680 ib.

1819 2704 1934 2758 Non
1966 2714 2064 2771 per
2083 2716 2142 2757 se
2163 2704 2344 2771 primo
2367 2702 2656 2757 ordinatur
2673 2702 2743 2757 ad
2768 2702 2826 2756 id
2845 2702 3117 2770 agendum
3137 2702 3225 2757 vel
3245 2704 3390 2757 reci-

1882 2779 2169 2847 piendum,
2203 2779 2275 2833 ad
2319 2780 2470 2846 quod
2501 2784 2583 2833 est
2620 2778 2881 2847 potentia,
2915 2792 3096 2845 neque
3139 2779 3209 2833 ad
3252 2779 3390 2834 illud

1884 2854 2022 2909 dicit
2052 2854 2304 2909 ordinem
2337 2855 2884 2917 transcendentalem,
2911 2867 3014 2907 nec
3035 2854 3202 2909 sumit
3223 2855 3291 2908 ab
3323 2868 3389 2909 eo

1882 2932 2150 2999 speciem
2179 2932 2446 2997 eamdem
2457 2930 2608 2987 enim
2641 2932 2808 2985 habet
2832 2944 3000 2999 quam
3035 2944 3121 2985 res
3150 2932 3282 2999 ipsa,
3311 2932 3388 2985 ib.

1818 3009 2017 3075 Estque
2058 3008 2354 3062 materialis
2391 3007 2478 3062 vel
2523 3007 2854 3075 spiritualiS,
2891 3008 3262 3061 substantialis
3301 3008 3388 3063 vel

1883 3084 2238 3139 accidentalis
2253 3128 2268 3150 ,
2301 3085 2574 3139 naturalis
2605 3085 2691 3138 vel
2737 3083 3186 3151 supernaturalis,
3228 3091 3391 3151 prout

1882 3162 2004 3226 ejus
2029 3161 2185 3227 quasi
2215 3160 2520 3226 subjectum
2551 3159 2736 3223 fuerit,
2762 3174 2807 3215 s.
2836 3164 2888 3213 7.

1820 3236 1925 3289 Nec
1958 3235 2174 3288 infinite
2201 3236 2459 3301 perfecta,
2485 3250 2529 3288 s.
2555 3242 2602 3288 6.

1883 3309 2122 3372 Qualiter
2155 3310 2215 3362 in
2248 3322 2314 3363 ea
2347 3309 2635 3363 inchoetur
2663 3310 3096 3377 supernaturalis
3126 3309 3262 3366 ordo
3281 3352 3296 3377 ,
3337 3320 3391 3369 et

1886 3386 2005 3453 ipsa
2027 3398 2126 3439 suo
2149 3384 2292 3437 actui
2317 3385 2774 3453 proportionetur,
2796 3400 2841 3438 s.
2867 3390 2913 3438 6.

1882 3460 2070 3514 Activa
2102 3472 2218 3513 non
2261 3459 2570 3513 necessario
2599 3460 2831 3525 requirit
2862 3462 3162 3515 naturalem
3196 3461 3390 3515 activi-

1883 3539 2046 3588 tatem
2079 3534 2135 3586 in
2159 3546 2218 3587 re
2245 3535 2406 3599 cujus
2430 3538 2510 3587 est
2531 3534 2791 3601 potentia.
2814 3534 2889 3588 ib.

1883 3612 1943 3665 ln
1979 3611 2190 3665 ratione
2221 3610 2495 3677 potentiae,
2520 3621 2702 3677 neque
2740 3616 2822 3663 est
2842 3608 3270 3679 supernaturalis
3293 3622 3391 3663 nec

1885 3686 2166 3751 naturalis,
2191 3687 2286 3741 sed
2315 3684 2718 3751 obedientialis
2742 3691 2796 3739 et
2813 3699 3001 3753 quare.
3025 3687 3079 3740 d.
3095 3690 3252 3749 ·39,·5.
3277 3690 3326 3738 8.

1886 3764 2002 3818 Non
2035 3763 2147 3829 agit
2173 3763 2282 3816 nisi
2313 3762 2464 3828 juxta
2484 3775 2797 3816 mensuram
2818 3762 3008 3817 auxilii
3036 3763 3121 3817 vel
3150 3761 3390 3828 habituS,

1886 3854 1998 3907 quo
2031 3840 2290 3905 elevatur,
2311 3842 2366 3895 d.
2388 3846 2469 3907 81,
2489 3854 2532 3894 s.
2559 3846 2606 3893 6.

1862 3918 1978 3969 ·Est
2009 3916 2067 3969 in
2103 3916 2314 3971 ratione
2357 3916 2703 3969 instrumenti
2741 3914 2956 3969 infinita
3004 3915 3304 3979 intensive,
3337 3920 3393 3970 et
3495 3942 3500 3949 -

1890 3998 2062 4061 potest
2087 3993 2144 4045 in
2186 3992 2542 4046 intensiorem
2565 3996 2618 4045 et
2657 3992 3014 4046 intensiorem
3051 3991 3300 4046 effectum
3329 3992 3388 4045 in

1890 4067 2190 4131 infinitum,
2227 4068 2304 4121 ib.
2793 4133 2798 4142 ι

1889 4146 1998 4200 cur
2027 4145 2084 4197 in
2120 4141 2479 4198 relationibus
2505 4142 2714 4197 divinis
2745 4154 2857 4197 non
2891 4143 3208 4211 reperiatur,
3233 4158 3277 4197 s.
3307 4150 3358 4197 7.

1887 4223 1950 4274 In
1980 4233 2312 4288 unaquaque
2337 4224 2582 4279 creatura
2612 4225 2820 4274 tantum
2849 4226 2928 4273 est
2956 4233 3066 4273 una
3088 4222 3390 4277 secundum

1888 4310 2027 4361 rem,
2069 4297 2196 4350 licet
2215 4296 2386 4363 possit
2409 4308 2508 4363 per
2539 4299 2754 4350 nostros
2784 4302 3078 4365 conceptus
3107 4297 3392 4369 multiplex

1891 4372 1950 4426 in
1973 4373 2168 4426 ordine
2197 4372 2270 4425 ad
2295 4376 2476 4425 vartos
2491 4370 2714 4425 effectus
2744 4370 3028 4439 distingui,
3051 4386 3096 4425 s,
3121 4377 3168 4426 6.

1825 4449 2069 4503 Potentia
2120 4440 2534 4509 obedientiam,
2573 4460 2739 4513 quam
2777 4446 3156 4515 intelliguntur
3191 4448 3391 4503 habere

1888 4537 1977 4577 res
2007 4528 2300 4591 antequam
2331 4522 2482 4587 flant,
2509 4523 2568 4575 in
2601 4522 2715 4577 sola
2744 4535 2856 4577 non
2881 4524 3240 4591 repugnantia
3261 4536 3390 4579 con·-

1890 4599 2048 4664 sistit,
2073 4600 2152 4653 ib.

2232 4720 2484 4771 remus,
2511 4719 2744 4761 rorastis
2773 4712 2982 4761 enaim]

1828 4823 2064 4877 Potestas
2098 4823 2324 4890 regendi
2356 4822 2650 4877 Ecclesiam
2692 4822 2954 4876 creaturis
2992 4820 3392 4875 communicata

1890 4904 1972 4951 est
2003 4898 2060 4951 in
2094 4912 2193 4953 suo
2221 4912 2422 4967 genere
2446 4898 2666 4967 propria
2687 4904 2738 4950 et
2758 4895 3096 4964 principalis,
3118 4896 3387 4951 innuendi

1886 4988 2018 5029 vero
2041 4976 2287 5041 gratiam,
2315 4974 2758 5029 instrumentaria
2776 4978 3006 5036 tantum,
3028 4972 3081 5025 d.
3106 4976 3186 5035 22,
3208 4986 3252 5027 5.
3276 4978 3326 5027 2.

1885 5050 2088 5104 Habuit
2123 5052 2390 5113 christus,
2433 5051 2488 5102 in
2536 5054 2802 5115 quantum
2843 5062 3090 5102 summus
3119 5049 3390 5116 sacerdoS,

1882 5126 2352 5193 supernaturalem
2381 5123 2673 5191 quamdam
2707 5122 3040 5178 excellentiae
3077 5130 3391 5192 potestatem

1884 5202 1943 5254 in
1969 5203 2284 5257 universam
2317 5198 2632 5263 Ecclesiam,
2656 5198 2709 5252 d.
2734 5204 2816 5263 30,
2837 5212 2880 5253 5.
2905 5204 2954 5251 2.

1821 5280 2056 5333 Potestas
2081 5277 2415 5332 excellentiae
2438 5274 2631 5329 Christi
2666 5274 2723 5329 in
2750 5288 2860 5343 quo
2888 5276 3166 5339 consistat,
3187 5274 3264 5330 ib.

1820 5354 2138 5409 Potestatem
2163 5354 2386 5421 regiam,
2411 5356 2466 5405 et
2493 5350 2852 5419 legislativum
2887 5352 2946 5405 in
2975 5364 3195 5405 omnem
3224 5350 3392 5407 mun*

1886 5430 2019 5482 dum
2049 5428 2265 5492 babuit,
2294 5438 2594 5493 verumque
2630 5427 2910 5494 spirituale
2939 5439 3187 5493 regnum,
3218 5428 3272 5481 d.
3300 5430 3395 5491 47,

1890 5518 1933 5557 5.
1963 5510 2013 5557 1.
3227 5508 3246 5521 ”
3307 5518 3310 5521 ’
