3892 6167
520 423 590 484 Χ.
1507 429 1696 482 maiix
1729 423 2228 482 mst’urartoewn
2260 423 2342 478 ΕΤ
2372 421 2739 478 sncTtouun.

519 534 657 589 Sect.
691 538 774 590 111.
816 540 998 592 Utrum
1038 540 1272 594 habuerit
1312 542 1548 596 Christus
1595 543 1813 610 aliquod
1858 541 2080 610 speciale

582 619 894 679 praeceptum
917 615 1170 679 divinum,
1199 619 1285 668 cui
1315 619 1472 682 fuerit
1493 619 1764 684 subjectus.
1983 620 2076 667 398

521 687 656 740 Sect.
692 689 771 741 lv.
812 691 992 743 Utrum
1011 693 1314 758 simpliciter
1337 695 1580 746 dicendus
1597 696 1666 746 sit
1692 696 1928 746 Christus
1950 693 2077 744 sub-

574 767 739 890 ⁸§tectus
771 767 940 830 Patri,
971 766 1052 820 vel
1089 769 1256 820 solum
1283 783 1398 822 cum
1426 771 1521 822 ilia
1545 771 2075 897 determinationezgt}

621 853 752 893 omo.

1015 985 1382 1042 msPtJTATto
1413 987 1581 1040 XLIV.

521 1145 595 1196 De
628 1145 882 1200 servitute
913 1147 1130 1206 christi.
1980 1151 2072 1199 402

519 1219 657 1272 Seot.
694 1221 730 1272 1.
772 1223 951 1274 Utrum
974 1225 1248 1290 Christus,
1295 1231 1356 1278 ut
1399 1225 1578 1289 homo,
1611 1235 1732 1276 vere
1763 1237 1826 1275 ac
1855 1227 2075 1290 proprie

583 1297 654 1346 sit
675 1302 722 1347 et
749 1297 854 1348 dici
875 1299 1042 1364 possit
1055 1313 1240 1352 servus
1260 1303 1369 1354 ssei.
1980 1303 2074 1350 ⁴08

519 1371 657 1424 Soet.
694 1372 755 1424 11.
796 1374 976 1425 Utrum
1013 1388 1128 1426 cum
1165 1377 1278 1428 sola
1315 1377 1756 1442 determinatione,
1799 1381 1858 1429 ut
1903 1376 2073 1438 homo,

584 1448 752 1511 possit
776 1448 882 1501 dici
904 1463 1087 1503 servus
1110 1451 1188 1504 vel
1211 1453 1367 1506 stiam
1391 1455 1506 1505 sins
1527 1451 1640 1504 illa.
1985 1454 2075 1502 426

1023 1613 1390 1668 mSPUTATto
1431 1613 1594 1708 XLV.-

523 1749 597 1800 ne
617 1751 861 1805 oratione
889 1754 1083 1808 Christi
1106 1755 1164 1808 in
1184 1757 1276 1810 via
1307 1761 1360 1810 et
1393 1757 1452 1809 in
1481 1757 1672 1823 patria.
1986 1761 2078 1808 435

525 1822 661 1876 sect.
697 1827 736 1878 1.
777 1829 956 1880 Utrum
991 1830 1224 1884 Christus
1243 1833 1304 1884 in
1321 1833 1424 1884 vioe
1444 1837 1588 1886 statu
1622 1845 1743 1884 vere
1769 1845 1832 1884 ac
1861 1832 2081 1898 proprie

587 1905 836 1955 oraverit.
1986 1912 2079 1959 466

523 1974 662 2030 8001..
697 1977 759 2028 11.
799 1981 980 2034 Utrum
1009 1981 1247 2035 Christus
1271 1985 1520 2038 Dominus
1540 1997 1678 2036 nunc
1705 1986 1760 2038 in
1793 1982 2080 2037 odoeaeis·

589 2056 700 2104 tens
726 2067 846 2106 vere
867 2071 929 2108 ac
955 2060 1173 2124 proprie
1198 2073 1296 2125 pro
1318 2062 1466 2112 nobis
1499 2065 1626 2114 oret.
1987 2062 2077 2110 437

1019 2219 1384 2273 DISPUTATIO
1412 2221 1578 2274 XLVI.

464 2416 466 2419 ¹
526 2356 600 2409 De
632 2371 846 2412 summo
880 2360 1074 2414 christi
1107 2363 1409 2418 sacerdotio
1437 2371 1490 2417 et
1519 2361 1850 2431 pontificatu.
1992 2367 2082 2414 448

527 2431 664 2558 Segi.
700 2433 740 2486 1.
780 2435 962 2488 Utrum
993 2437 1230 2490 Christus
1253 2451 1374 2491 vere
1403 2445 1450 2491 et
1475 2442 1692 2507 propris
1713 2440 1870 2504 suerit
1903 2451 2079 2490 saecr-

625 2521 700 2561 οε.
1990 2517 2081 2564 448

527 2583 662 2636 Sect.
699 2586 760 2636 ll.
798 2587 980 2639 Utrum
1017 2589 1253 2643 Christus
1295 2593 1429 2643 Deus
1453 2591 1604 2643 homo
1632 2591 1701 2641 sit
1737 2588 1979 2641 sacerdos
2024 2588 2083 2640 in

589 2666 841 2726 quantum
879 2664 1026 2726 Deus,
1051 2673 1128 2716 vet
1161 2667 1218 2718 in
1262 2672 1514 2732 quantum
1536 2666 1704 2726 homo.
1749 2669 1905 2730 atque
1932 2665 2079 2726 adeo,

591 2749 664 2785 an
689 2737 822 2788 idem
845 2740 914 2790 sit
935 2741 1176 2792 sacerdos
1203 2748 1250 2793 et
1279 2743 1507 2794 victima.
1991 2743 2081 2788 650

529 2811 664 2864 Sect.
699 2813 784 2864 111.
823 2815 1002 2867 Utrum
1033 2817 1380 2869 sacerdotium
1425 2819 1620 2870 Christi
1663 2819 1822 2882 suerit
1860 2815 2085 2878 ejusdem

592 2888 820 2941 rationis
853 2903 966 2942 cum
1009 2893 1297 2944 sacerdotio
1346 2892 1470 2958 leqis
1506 2897 1733 2954 naturoe,
1777 2891 1965 2943 veteris
1992 2894 2085 2940 aut

591 2975 759 3014 nocoe.
1994 2967 2083 3016 461

529 3037 666 3089 sect.
702 3039 782 3089 tv.
823 3041 1002 3092 Utrum
1032 3041 1266 3094 Christus
1304 3044 1372 3095 sit
1400 3041 1642 3094 sacerdos
1682 3039 1959 3093 secundum
1991 3053 2085 3091 or-

591 3115 762 3164 dinem
777 3116 1142 3169 Melchisedech.
1993 3121 2081 3168 454

1009 3277 1378 3332 mSPUTATto
1413 3279 1600 3331 XLvtl.

531 3401 602 3452 De
621 3406 878 3466 potestate
911 3405 1240 3460 excellentiae
1264 3409 1622 3461 conveniente
1643 3408 1852 3462 Christo
1871 3409 2083 3462 ratione

591 3479 830 3542 supremi
859 3482 1144 3535 sacerdotii
1173 3485 1398 3550 ejusque
1433 3485 1701 3550 spirituali
1739 3497 1923 3551 regno.
1992 3488 2083 3535 460

531 3551 669 3604 Sect.
706 3553 745 3603 1.
785 3554 968 3607 Utrum
997 3557 1261 3617 Christus,
1295 3567 1544 3625 tanquam
1578 3574 1808 3612 summus
1848 3559 2086 3610 Ecclesioe

597 3629 856 3694 Pontifex,
879 3637 926 3680 et
949 3634 1246 3696 spiritualis
1273 3636 1401 3699 Rex,
1441 3641 1738 3701 potestatem
1778 3634 2088 3688 excellentiae

609 3723 768 3772 super
793 3706 938 3761 illam
953 3711 1152 3760 habeat.
1995 3713 2083 3760 461

527 3789 664 3842 Seot.
701 3791 760 3841 11.
803 3789 980 3842 (iti-um
1001 3787 1255 3842 Christus.
1279 3791 1336 3835 ut
1354 3800 1584 3838 summus
1607 3786 1866 3849 sacerdos,
1891 3785 2085 3837 habue-

592 3865 665 3915 rit
693 3867 990 3929 potestatem
1011 3859 1079 3911 ad
1107 3860 1344 3925 serendas
1367 3860 1514 3926 teges.
1993 3862 2084 3909 463

999 4032 1366 4086 DtSPUTATlo
1399 4034 1610 4086 XLVIII.

527 4193 602 4244 De
629 4190 909 4258 temporali
944 4201 1112 4256 regno
1133 4188 1327 4242 Christi
1347 4187 1585 4241 Domini.
1994 4191 2083 4239 464

531 4267 665 4320 Sect.
700 4267 737 4318 1.
779 4267 960 4319 Utrum
993 4265 1229 4315 Christus
1271 4263 1606 4314 hoereditario
1643 4268 1766 4326 jure
1811 4263 2088 4328 temporale

591 4355 807 4408 regnum
836 4340 1138 4392 Judoeorum
1169 4340 1462 4390 obtinuerit.
1992 4341 2083 4389 464

532 4417 666 4470 Sect.
704 4417 762 4467 11.
801 4417 984 4468 Utrum
1011 4414 1248 4465 Christus
1275 4415 1524 4464 Dominus
1545 4412 1781 4464 habuerit
1799 4411 2085 4464 dominium

593 4489 886 4544 universale
916 4495 962 4542 et
990 4490 1238 4540 directum
1263 4501 1424 4554 super
1447 4489 1748 4540 universum
1769 4487 1957 4539 orbem.
1992 4491 2084 4538 466

1019 4684 1385 4739 msPUTATlo
1433 4685 1600 4736 XLIX.

529 4848 602 4898 De
629 4843 892 4898 filiatione
925 4841 1118 4896 christi
1152 4841 1208 4893 in
1233 4839 1426 4894 ordine
1450 4839 1520 4892 ad
1540 4841 1728 4892 Deum.
1994 4843 2085 4891 479

530 4921 666 4973 Sect.
700 4921 739 4971 l.
777 4919 959 4972 Utrum
1001 4918 1238 4969 Christus
1272 4917 1328 4967 in
1373 4921 1626 4980 quantum
1672 4915 1822 4965 homo
1863 4926 1985 4964 vere
2024 4927 2087 4964 ac

589 4996 804 5062 proprie
831 4997 996 5060 possit
1013 4994 1114 5046 dici
1147 4991 1316 5044 Filius
1343 4992 1454 5042 Dei.
1994 4992 2083 5041 479

529 5073 665 5126 8004.
700 5071 760 5122 Π.
801 5070 983 5122 Utrum
1010 5069 1246 5120 Christus
1269 5069 1328 5118 in
1353 5070 1605 5132 quantum
1635 5064 1784 5116 homo
1815 5066 1885 5116 sit
1915 5065 2088 5117 Filius

591 5147 684 5198 Dei
705 5144 988 5205 naturalis,
1013 5158 1085 5195 an
1107 5144 1404 5208 adoptivus.
1993 5145 2085 5192 483

529 5223 666 5277 Sect.
701 5223 786 5274 111.
821 5223 903 5274 An
929 5222 998 5272 sit
1023 5221 1084 5272 de
1107 5219 1220 5283 fide,
1247 5218 1327 5269 vel
1349 5231 1452 5284 quo
1471 5215 1642 5282 gradu
1661 5213 1988 5268 certitudinis
2011 5222 2085 5268 te-

589 5299 815 5351 nendum
841 5299 927 5360 sit,
963 5295 1227 5346 Christum
1248 5295 1306 5344 in
1328 5299 1580 5359 quantum
1599 5291 1868 5352 hominem,
1889 5306 1981 5344 seu
2000 5305 2085 5344 se·-

592 5375 814 5426 cundum
841 5373 1228 5431 hnmanitatem‚
1259 5383 1366 5422 non
1394 5381 1502 5420 csse
1529 5367 1720 5420 Filium
1749 5368 1838 5420 Dei
1873 5368 2086 5434 adopti-

594 5465 736 5513 vum,
759 5449 847 5501 scd
864 5446 1173 5499 naturalem.
1992 5449 2085 5496 500

533 5528 669 5580 Sect.
703 5526 785 5580 lv.
823 5527 1005 5578 Utrum
1033 5522 1227 5575 Christi
1257 5521 1555 5574 humanitas
1587 5521 1755 5588 possit
1788 5521 1893 5574 dici
1923 5521 2087 5587 adop-

597 5608 724 5656 tata.
1994 5599 2084 5648 518

2714 615 3083 670 msPU‘rA‘rlo
3116 617 3174 670 1..

2156 769 2231 822 De
2274 769 2441 824 modo
2480 769 2743 836 loquendi
2784 769 2930 824 circa
2974 771 3507 837 praedestinationem
3558 773 3729 826 Chri-

2164 862 2172 870 ·
2222 846 2305 898 sti.
3628 854 3723 899 529

2156 919 2291 973 Sect.
2330 922 2365 973 1.
2408 922 2594 975 Utrum
2626 923 2930 988 simpliciier
2969 937 3151 974 verum
3180 925 3275 986 sit,
3320 923 3581 974 Christum
3630 931 3727 974 aut

2218 997 2411 1047 Filium
2448 998 2537 1048 Dei
2562 999 2626 1047 ab
2649 1004 2839 1050 aeterno
2872 1013 2979 1049 esse
3004 998 3451 1064 praedestinatum.
3631 1003 3727 1048 529

2156 1071 2290 1124 Sect.
2328 1073 2387 1124 11.
2424 1075 2505 1123 An
2538 1075 2643 1124 dici
2671 1077 2838 1140 possit
2861 1074 3098 1126 Christus
3127 1075 3551 1140 proedestinatus,
3576 1081 3635 1126 ut
3660 1077 3731 1126 sit

2218 1147 2355 1212 fliius
2391 1148 2484 1198 Dei
2504 1150 2781 1200 naturalis.

2157 1222 2293 1275 Sect.
2330 1228 2376 1274 3.
2416 1224 2599 1275 Utrum
2628 1225 2873 1276 Christus
2898 1227 3063 1290 possit
3094 1225 3200 1277 dici
3226 1225 3629 1290 praedestinatus
3656 1227 3731 1276 ad

2219 1297 2463 1362 gloriam,
2482 1302 2561 1350 oet
2586 1300 2696 1350 alia
2713 1300 3147 1365 supernaturalia
3166 1302 3305 1353 dona
3324 1301 3531 1367 qratioe.
3630 1306 3725 1352 5³6

2156 1373 2291 1426 Sect.
2328 1373 2409 1425 IV.
2450 1373 2632 1426 Utrum
2657 1375 2956 1427 humanitas
2992 1375 3185 1427 Christi
3228 1378 3395 1441 possit
3434 1375 3539 1428 dici
3576 1390 3725 1441 proe-

2220 1449 2509 1516 destinata,
2544 1449 2625 1502 vel
2666 1450 2967 1516 simpliciter
2993 1491 3005 1515 ‚
3049 1451 3130 1503 vel
3171 1452 3242 1504 ad
3270 1451 3497 1519 aliquem
3538 1454 3727 1504 termi-

2222 1538 2363 1577 num.
3630 1533 3725 1580 537

2690 1667 3063 1721 ΒΙ8ΡΠΤΑΤ10
3104 1667 3184 1722 Li.

2160 1829 2233 1880 De
2264 1827 2582 1882 adoratione
2614 1827 2823 1881 christo
2852 1835 2913 1882 ut
2938 1831 3048 1883 Deo
3077 1827 3279 1881 debita.
3634 1837 3727 1882 540

2161 1904 2295 1956 Sect.
2332 1904 2371 1956 1.
2408 1905 2544 1965 Quid
2587 1907 2657 1957 sit
2701 1905 2945 1958 adoratio
2972 1948 2985 1971 ,
3036 1911 3084 1958 et
3132 1911 3281 1973 cujus
3326 1907 3542 1958 virtutis
3574 1913 3729 1960 actus

2162 1985 2393 2108 Sex-11.
2434 2058 2616 2111 Utrum
2642 2069 2772 2107 vera
2792 2061 2839 2108 et
2872 2057 3101 2122 propria
3123 2057 3217 2108 Dei
3237 2056 3483 2110 adoratio
3516 2058 3577 2108 in
3610 1987 3733 2110 3221:

2224 2133 2425 2182 actione
2455 2133 2707 2183 exteriori
2730 2137 2777 2182 et
2800 2132 3065 2197 corporali
3087 2133 3351 2184 consistat.
3632 2137 3729 2184 543

2164 2207 2298 2258 Sect.
2335 2207 2418 2258 itt.
2456 2205 2748 2271 Quotupleoe
2774 2208 2843 2258 sit
2866 2207 3125 2259 adoratio.
3634 2213 3733 2260 656

2162 2281 2299 2334 sect.
2361 2283 2442 2334 IV.
2512 2280 2771 2343 Quomodo
2818 2281 3062 2334 Christus
3116 2287 3173 2336 ut
3230 2283 3361 2334 Deus
3416 2283 3734 2409 αάοναηιέιιέ

2227 2358 2296 2409 sit
3666 2365 3695 2409 6

2692 2499 2791 2551 ms
2798 2499 3063 2552 PUTATIO
3097 2500 3181 2553 Lu
3186 2537 3197 2549 .

2163 2661 2237 2712 De
2264 2659 2579 2714 adoratione
2603 2660 2805 2712 sanctis
2832 2659 3151 2714 hominihus
3178 2661 3267 2714 vel
3309 2661 3531 2728 Angelis
3567 2663 3736 2715 exhi-

2167 2736 2407 2865 &zenan
2415 2777 2599 2865 Utrum
2626 2814 2804 2866 Sancti
2820 2819 2869 2866 et
2894 2815 3028 2868 beati
3046 2813 3244 2881 Anyeli,
3264 2813 3343 2868 vel
3366 2815 3604 2868 homines
3622 2745 3737 2868 552³}

2230 2887 2507 2940 adorandi.
3633 2898 3733 2945 664

2166 2963 2305 3016 Sect.
2341 2964 2403 3014 11.
2441 2963 2567 3025 θυαε
2598 2964 2879 3028 adoratio,
2942 2972 2990 3018 st
3042 2969 3259 3033 proptor
3310 2981 3470 3034 quam
3512 2980 3737 3020 causam

2229 3039 2433 3090 Sanctis
2467 3039 2739 3091 tribuenda
2762 3043 2847 3092 sit.
3614 3048 3735 3095 666

2168 3115 2303 3166 sect.
2337 3115 2423 3166 ΙΙΙ.
2468 3115 2649 3168 Utrum
2678 3115 2845 3168 cultus
2867 3117 3177 3170 Sanctorum
3208 3119 3313 3171 dici
3338 3119 3506 3186 possit
3536 3121 3610 3171 ad
3642 3133 3736 3170 re·

2230 3189 2470 3256 ligionem
2488 3192 2762 3257 pertinere.
3636 3199 3734 3245 568

2685 3351 3053 3406 nlSPUTA‘rto
3086 3353 3209 3406 Llll.

2164 3511 2239 3562 De
2292 3507 2609 3563 adoratione
2654 3510 2865 3562 Christo
2908 3511 3135 3576 ejusque
3190 3511 3515 3565 humanitati
3572 3513 3739 3566 debi-

2230 3589 2299 3636 ta.
3108 3605 3111 3608 ’
3638 3595 3739 3640 572

2168 3660 2304 3712 Sect.
2340 3659 2379 3710 1.
2436 3659 2619 3712 Utrum
2656 3659 2895 3712 Christus
2944 3661 3076 3712 Deus
3120 3661 3269 3714 iiomo
3310 3663 3619 3716 adorandus
3660 3666 3739 3716 sit

2226 3736 2451 3799 perfecta
2472 3735 2781 3787 adoratione
2804 3735 2993 3788 iatrioe.
3638 3745 3737 3790 572

2167 3811 2301 3862 Sect.
2336 3810 2398 3860 11.
2438 3811 2620 3862 Utrum
2656 3809 2891 3864 Christus
2926 3812 2983 3862 in
3012 3816 3264 3877 quantum
3302 3813 3450 3865 homo
3476 3815 3738 3866 adoretur

2228 3885 2535 3936 adoratione
2567 3885 2762 3949 latrice,
2792 3887 2870 3939 ita
2895 3892 2953 3940 ut
2979 3887 3156 3940 eadem
3190 3887 3500 3941 adoratione
3523 3890 3735 3942 colatur

2228 3959 2545 4012 humanitas.
3634 3971 3731 4017 573

2166 4037 2301 4088 Seot.
2336 4035 2418 4086 111.
2459 4037 2641 4088 Utrum
2663 4036 2963 4090 humanitas
3006 4038 3201 4090 Christi
3228 4040 3454 4104 proecisa
3493 4054 3528 4091 a
3570 4041 3735 4092 Verbo

2227 4111 2393 4176 possit
2412 4111 2651 4176 adorari,
2675 4117 2722 4164 et
2740 4126 2847 4178 qua
2864 4113 3188 4166 adoratione.
3632 4121 3729 4166 578

2683 4305 3050 4359 DISPUTATIO
3081 4307 3202 4361 L1V.

2168 4463 2239 4514 De
2260 4475 2362 4514 usu
2384 4464 2437 4514 et
2455 4459 2771 4513 adoratione
2802 4461 3123 4528 imaginum.
3636 4473 3733 4518 595

2167 4538 2302 4590 Sect.
2338 4538 2376 4590 1.
2418 4538 2601 4589 Utrum
2625 4535 2773 4587 liceat
2802 4543 2849 4589 et
2882 4539 3127 4604 expediat
3160 4537 3401 4592 Ecclesiae
3439 4540 3655 4601 Christi,
3686 4549 3739 4592 et

2232 4617 2530 4664 sanctorum
2552 4611 2817 4664 hominum
2836 4614 3153 4680 imaginibus
3180 4615 3278 4666 uti.
3636 4621 3733 4668 596

2168 4691 2302 4742 Sect.
2337 4689 2399 4740 11.
2440 4689 2620 4741 Utrum
2649 4687 2798 4740 liceat
2829 4691 2907 4740 uti
2936 4691 3027 4742 Dei
3054 4696 3101 4741 et
3124 4689 3435 4756 Anyelorum
3476 4693 3705 4757 imagini
3720 4719 3735 4728 ·

2228 4765 2340 4816 bus.
3634 4772 3731 4820 601

2168 4841 2302 4893 Sect.
2340 4841 2422 4893 111.
2462 4839 2645 4894 Utrum
2684 4839 2937 4906 imagines
2980 4839 3176 4893 Christi
3200 4846 3248 4892 et
3274 4842 3585 4894 Sanctorum
3624 4851 3735 4896 sint

2231 4917 2532 4968 adorandae.
3634 4925 3733 4970 603

2169 4991 2303 5044 Sect.
2340 4991 2422 5044 IV.
2462 4991 2645 5044 Utrum
2666 4991 2745 5042 hoe
2768 4991 3017 5056 imaqines
3044 4991 3219 5044 eadem
3258 4991 3584 5056 adoratione,
3616 5008 3731 5060 qua

2231 5067 2498 5132 exemplar
2526 5065 2814 5119 adorandoe
2840 5068 2963 5118 sint.
3636 5076 3729 5122 618

2167 5143 2303 5196 Sect.
2341 5142 2400 5194 V.
2440 5143 2621 5196 Utrum
2660 5144 2832 5208 imago
2873 5141 3096 5194 adorari
3116 5144 3327 5208 possm,
3352 5157 3457 5195 non
3498 5145 3725 5198 adorato

2229 5219 2417 5270 directe
2448 5216 2754 5283 exemplari.
3632 5227 3727 5272 626

2166 5293 2301 5347 Sect.
2336 5294 2418 5346 Vl.
2458 5295 2640 5346 Utrum
2684 5293 2791 5344 haec
2834 5293 3078 5345 adoratio
3120 5293 3439 5360 imaginum,
3471 5298 3629 5348 stiam
3667 5299 3726 5349 in

2230 5369 2544 5435 imaginibus
2590 5370 2684 5421 Dei
2701 5408 2713 5432 ‚
2749 5373 2797 5420 et
2843 5368 2965 5421 aliis
3008 5370 3178 5422 sacris
3222 5371 3389 5436 siquis
3418 5371 3584 5424 locum
3625 5373 3727 5424 ha·-

2229 5447 2361 5498 beat.
3633 5451 3726 5500 645

2167 5523 2302 5576 Seet.
2336 5522 2443 5575 vu.
2481 5523 2664 5575 Utrum
2698 5521 2805 5574 hoec
2842 5520 3085 5573 adoratio
3118 5520 3405 5587 imayinum
3426 5537 3533 5576 non
3554 5524 3727 5578 solum

2235 5597 2450 5650 honesta
2469 5599 2557 5663 sit,
2578 5597 2669 5650 sed
2700 5598 2855 5650 stiam
2880 5596 2975 5650 sub
3002 5603 3255 5664 precepto
3280 5599 3448 5652 cadat.
3631 5604 3723 5652 647
