3892 6167
1217 379 1538 438 mspuu'r.
1571 379 1814 436 XXXVH.
1847 379 2018 434 swr.
2054 381 2137 434 111.

145 486 266 566 quid
293 485 364 544 de
387 482 544 544 facto
571 485 916 560 operatur-se
945 479 1092 558 sint,
1119 479 1234 542 sed
1261 482 1452 543 etiam
1481 479 1632 560 quid

145 584 314 642 essent
337 575 580 636 facturos
607 575 670 633 iu
699 573 990 636 omuibus
1045 573 1286 636 eventis
1316 579 1377 636 et
1407 591 1632 652 oppor-

143 669 476 744 tunitatibus,
502 668 553 728 si
581 664 698 728 hoe
731 667 834 728 vel
861 667 968 728 illo
1007 666 1196 729 modo
1246 666 1632 747 applicaren-

143 775 220 830 tur
241 764 324 826 vel
343 763 745 824 excitarentur
763 759 846 822 ad
867 762 1282 842 operandum.
1315 763 1442 822 Hac
1463 759 1632 822 enim

143 859 352 923 scicntia
393 855 744 938 supposita,
799 853 984 918 facile
1021 855 1386 936 intelligitur
1449 871 1634 936 posse

139 959 300 1018 Deum
323 951 586 1031 aliquam
601 950 990 1013 voluntatem
1021 969 1271 1030 semper
1291 951 1380 1012 ita
1408 965 1632 1030 regere

140 1056 188 1110 et
205 1047 458 1118 excitare,
487 1042 974 1106 utint'allibiliter
1013 1045 1382 1120 consentiat,
1413 1061 1632 1124 quam-

139 1144 208 1204 vis
259 1141 466 1213 libere;
499 1138 646 1217 quia
692 1143 897 1218 potest
945 1139 1116 1202 illam
1159 1139 1504 1200 motionem
1531 1137 1632 1200 vel

141 1233 384 1316 operandi
408 1231 802 1294 occasionem
847 1230 934 1292 illi
963 1238 1284 1313 praestare,
1331 1249 1474 1294 cum
1504 1248 1632 1311 qua

141 1328 482 1390 infallibiliter
497 1325 806 1406 praescivit
828 1343 966 1389 esse
993 1333 1430 1407 operaturam3
1464 1325 1632 1388 etita

141 1419 552 1501 intelligendum
579 1419 938 1482 estfactum
964 1437 1104 1482 esse
1137 1436 1281 1482 cum
1307 1419 1628 1482 voluntate

140 1515 330 1590 Christi,
360 1513 530 1593 cujus
572 1511 956 1594 singularem
999 1531 1214 1576 curam
1247 1519 1308 1576 et
1341 1513 1632 1591 regimen

139 1607 300 1670 divina
326 1623 580 1686 persona
619 1607 980 1687 assumpsit,
1013 1606 1266 1688 quando
1316 1605 1486 1668 illam
1515 1603 1631 1668 sibi

137 1701 424 1762 secundum
445 1699 832 1780 hypostasim
847 1699 1066 1774 univit,
1090 1705 1161 1762 nt
1186 1717 1396 1780 supra,
1433 1716 1494 1779 q.
1526 1703 1628 1773 15,

139 1801 407 1858 tractatum
434 1799 548 1856 est.
583 1795 662 1856 Et
677 1793 840 1869 ideo,
875 1793 928 1855 si
957 1791 1176 1856 Christi
1206 1793 1496 1856 voluntas
1526 1793 1636 1854 ha·

137 1887 284 1948 hehat
305 1891 674 1968 praeceptum
705 1885 806 1949 hic
831 1893 894 1949 et
915 1905 1082 1948 nunc
1111 1885 1412 1966 operandi
1439 1887 1634 1950 talem

139 1995 318 2054 actum,
349 1999 454 2060 per
479 1979 760 2044 divinam
791 1979 1054 2060 gratiam
1084 1986 1145 2044 et
1177 1981 1632 2060 providentiam

139 2073 506 2153 applicabatur
554 2075 618 2136 et
654 2073 1028 2137 movebatur
1063 2071 1146 2136 ad
1187 2074 1362 2136 illum
1395 2081 1630 2150 actum,

141 2187 196 2231 eo
217 2167 376 2230 modo
400 2185 520 2249 quo
544 2167 858 2248 praescivit
881 2169 1046 2230 Deus
1098 2168 1232 2230 fore
1277 2165 1629 2242 infallibile,

137 2267 190 2322 ut
209 2262 318 2340 ipsa
345 2261 740 2324 consentiret.
767 2263 844 2324 Et
869 2259 954 2323 ita
978 2259 1110 2323 haec
1129 2259 1468 2323 infallibilis
1483 2277 1634 2322 con-

137 2355 276 2416 nexio
299 2371 414 2416 uon
435 2354 740 2418 fundatur
766 2353 832 2416 in
861 2353 1257 2428 necessitate,
1281 2371 1392 2416 sen
1423 2351 1634 2434 physi-

138 2465 192 2508 ca
215 2447 703 2510 determinatione
733 2447 930 2528 ipsius
967 2447 1284 2527 potentias,
1313 2445 1515 2508 sedin
1539 2463 1638 2508 sa·

138 2539 461 2620 pientissima
487 2547 548 2603 et
587 2541 1023 2604 efficacissima
1065 2539 1177 2602 Dei
1217 2539 1633 2620 providentia,

141 2653 232 2712 qua
264 2635 418 2698 novit
453 2653 682 2716 regere
724 2635 1110 2696 voluntatem
1135 2638 1406 2694 creatam
1447 2631 1636 2694 modo

143 2727 204 2787 illi
225 2728 692 2805 accommodato,
718 2733 808 2800 ut,
854 2728 1140 2808 quamvis
1165 2725 1384 2801 libere,
1415 2725 1640 2788 infalli-

142 2821 300 2882 biliter
327 2829 522 2884 tamen
542 2821 918 2885 consentiat.
952 2821 1028 2882 Et
1055 2821 1143 2882 ita
1169 2819 1348 2882 facile
1379 2818 1638 2880 solvitur

143 2913 352 2994 objectio
377 2915 558 2993 facta,
613 2923 682 2978 et
731 2933 952 2978 omnes
999 2913 1256 2990 similes,
1292 2913 1636 2993 praesertim

144 3005 217 3066 illa
240 3009 559 3070 communis
579 3056 600 3082 ,
641 3007 790 3088 quia
817 3007 870 3070 si
893 3007 1236 3090 suppositio
1259 3023 1372 3069 seu
1393 3012 1638 3068 antece·

143 3097 258 3160 dens
277 3119 388 3161 non
410 3109 497 3165 est
519 3099 584 3164 in
605 3108 918 3182 potestate
943 3100 1120 3163 liberi
1145 3099 1404 3176 arbitrii,
1427 3117 1636 3179 neque

143 3194 286 3252 ctiam
309 3201 498 3273 potest
525 3213 674 3258 esse
704 3211 1118 3276 consequens,
1147 3192 1318 3274 quod
1344 3193 1507 3256 hene
1543 3209 1640 3254 se-

139 3285 304 3360 quitur
327 3305 397 3348 ex
443 3289 550 3350 tali
605 3287 1028 3350 antecedenti.
1061 3287 1192 3348 Hoc
1220 3285 1388 3348 enim
1417 3303 1636 3366 proce-

142 3377 294 3454 deret,
321 3379 367 3442 si
393 3399 792 3463 consequens
809 3387 1182 3462 sequeretur
1210 3379 1497 3472 ahsoluta
1525 3397 1637 3439 ne-

143 3473 371 3534 cessitate
397 3493 470 3536 ex
495 3475 606 3537 tali
634 3474 1056 3548 antecedenti,
1088 3491 1214 3536 non
1241 3491 1388 3536 vero
1422 3489 1638 3553 proce-

143 3563 208 3623 dit
227 3567 446 3643 quando
475 3569 686 3630 solum
740 3568 1024 3648 sequitur
1076 3583 1154 3629 ex
1207 3565 1635 3646 suppositione

143 3661 478 3733 praescientiae
506 3661 780 3737 divinae3
811 3661 958 3742 quia
987 3667 1136 3723 tunc
1177 3659 1286 3722 illa
1331 3658 1634 3722 connexio

145 3767 237 3810 non
263 3761 342 3814 est
363 3753 698 3816 infallibilis
726 3771 805 3818 ex
845 3751 1182 3816 intrinseca
1231 3753 1292 3813 vi
1331 3755 1638 3814 extremo·

148 3859 246 3904 rum
269 3891 288 3920 ,
318 3845 422 3910 sed
469 3849 548 3910 ab
607 3848 958 3910 extrinseco
1009 3863 1088 3908 ex
1134 3845 1528 3927 praescientia
1577 3849 1639 3906 et

145 3937 470 4012 providentia
497 3941 636 4003 Dei.
675 3939 854 4004 Unde
900 3941 1092 4004 etiam
1123 3939 1250 4002 dici
1281 3943 1511 4020 potest,
1563 3955 1640 4000 eo

147 4031 288 4093 modo
321 4051 435 4113 quo
473 4051 876 4114 consequens
931 4033 1215 4114 sequitur
1265 4048 1342 4093 ex
1395 4036 1643 4092 antece·

146 4121 292 4201 denti,
314 4146 433 4190 non
461 4148 602 4194 esse
629 4129 698 4190 in
723 4131 1028 4210 potestate
1054 4125 1237 4190 liberi
1281 4122 1521 4186 arbitrii
1549 4123 1643 4184 fa-

147 4232 250 4278 cere
274 4225 478 4284 utnon
503 4228 830 4303 sequatur,
859 4221 1144 4302 quamvis
1175 4217 1538 4300 simpliciter
1579 4221 1644 4278 et

149 4313 434 4378 secundum
457 4335 521 4380 se
551 4315 714 4379 sitin
738 4320 1046 4396 potestate
1067 4311 1248 4376 liberi
1277 4311 1536 4375 arbitrii.
1565 4309 1642 4370 Et

143 4401 280 4478 juxta
302 4407 452 4473 hanc
479 4410 832 4474 doctrinam
875 4407 1270 4488 expedienda
1298 4414 1394 4469 est
1425 4403 1642 4468 similis

150 4493 442 4580 difficultas,
472 4523 614 4586 quae
640 4503 720 4566 de
768 4501 1154 4566 confirmatis
1177 4499 1244 4562 in
1273 4499 1475 4580 gratia
1501 4520 1644 4565 ver-

152 4591 244 4651 sari
281 4596 442 4674 solet,
483 4605 543 4660 et
570 4597 636 4659 in
668 4597 1028 4660 universum
1071 4594 1150 4658 tle
1180 4595 1382 4674 gratia
1411 4613 1644 4674 praeve-

151 4681 300 4746 nienti
329 4695 387 4752 et
412 4689 648 4754 efficaci
675 4712 696 4768 3
729 4707 880 4752 nam
907 4686 1116 4768 quoad
1139 4689 1260 4750 hoc
1299 4688 1520 4750 eadem
1551 4696 1644 4752 est

155 4777 270 4837 ratio
295 4779 363 4843 de
389 4781 647 4858 Christe,
675 4789 738 4846 et
752 4781 830 4844 de
855 4783 1016 4859 aliis,
1035 4787 1104 4844 ut
1128 4786 1297 4844 recte
1321 4783 1393 4843 D.
1415 4783 1637 4848 Thom.

156 4881 301 4948 supra
318 4873 536 4952 docuit,
566 4883 686 4940 art.
733 4877 792 4950 1,
826 4873 908 4938 ad
940 4881 1000 4936 1.

219 4965 293 5024 13.
319 4965 522 5035 Valida
539 4987 612 5035 ao
632 4969 1020 5050 perdifficilis
1059 4967 1644 5050 obsonia—Exclu-

157 5049 285 5117 fffiur
307 5061 568 5126 evadendi
595 5063 1148 5127 modus—Contra
1164 5062 1329 5124 hanc
1345 5081 1492 5124 vero
1511 5083 1644 5126 res-

157 5152 464 5221 ponsionem
507 5155 694 5236 objici
743 5161 969 5236 potest,
1001 5173 1152 5217 nam
1190 5157 1476 5235 sequitur
1512 5173 1643 5218 ma-

159 5255 271 5304 nere
295 5245 354 5308 in
378 5247 604 5314 Chrtsto
632 5251 980 5332 potentiam
1022 5249 1348 5330 physicam
1389 5247 1469 5309 ad
1496 5267 1643 5328 pec-

161 5335 375 5401 candum
390 5359 410 5421 3
433 5352 492 5406 et
509 5352 970 5426 consequenter
998 5343 1328 5420 Christum,
1360 5341 1644 5406 absolute

161 5422 440 5528 loquendO,
471 5455 650 5518 posse
701 5435 1058 5518 transgredi
1098 5441 1480 5520 proeceptum
1529 5435 1644 5498 sibi

162 5527 494 5608 lmpositum,
531 5541 588 5596 et
647 5549 946 5614 peccare,
989 5527 1160 5612 quod
1204 5547 1339 5594 esse
1391 5531 1646 5593 omnino

1711 477 1963 556 falsum,
2014 497 2231 561 supra,
2262 497 2325 560 q.
2363 485 2439 544 15
2462 531 2477 558 ‚
2511 487 2833 546 ostensum
2864 491 2974 548 est.
3008 487 3275 567 Sequela

1711 575 1921 653 patet,
1968 573 2117 652 quia
2150 573 2429 637 Christus
2476 576 2673 637 libere
2715 577 2997 656 implevit
3044 597 3276 661 proece·

1711 672 1892 748 ptum
1918 667 2204 748 obligans
2250 667 2351 731 hic
2391 675 2453 732 et
2492 687 2705 749 nun03
2737 689 2887 751 ergo
2934 675 3275 753 potuitim-

1712 761 1886 842 plere
1913 763 1977 822 et
2004 777 2135 824 non
2162 761 2429 842 implere
2452 785 2469 839 3
2510 764 2621 826 sed
2650 781 2835 844 posse
2863 766 3277 847 nonimplere

1712 861 2121 935 praeceptum,
2154 862 2251 918 est
2298 873 2485 936 posse
2515 875 2777 938 peccare
2806 873 2827 936 ς
2860 877 3010 940 ergo
3044 861 3275 942 simpli·

1715 949 1867 1010 citer
1895 949 2098 1030 potuit
2126 967 2409 1029 peccare.
2453 952 2673 1031 Neque
2720 951 2931 1014 locum
2954 953 3057 1017 hic
3084 955 3277 1020 hahet

1715 1041 2028 1106 distinctio
2050 1043 2129 1104 de
2147 1045 2427 1124 potentia
2448 1045 2513 1106 in
2536 1063 2727 1107 sensu
2740 1046 2965 1124 divise,
2985 1055 3188 1112 etnon
3208 1050 3273 1112 in

1712 1151 1904 1198 sensu
1921 1139 2267 1216 composito
2284 1153 2305 1216 3
2336 1153 2480 1200 nam
2504 1139 2608 1200 vel
2640 1157 2863 1202 sensus
2890 1140 3125 1205 divisus
3154 1149 3271 1219 ost,

1711 1230 1904 1310 quod,
1937 1231 2145 1292 ablato
2176 1238 2511 1312 praecepto,
2536 1239 2747 1313 posset
2786 1235 3143 1300 nonfacere
3176 1257 3277 1302 ac·-

1708 1329 1846 1385 tum
1884 1331 2304 1405 praeceptum,
2338 1345 2453 1387 seu
2490 1327 2663 1406 qnod
2705 1327 2896 1390 habet
2925 1331 3275 1410 potentiam

1709 1426 1802 1496 nt,
1831 1419 1883 1480 si
1904 1420 2227 1483 anferatur
2250 1427 2661 1502 praeceptum,
2694 1441 2823 1484 non
2842 1423 3059 1499 faciat3
3084 1427 3275 1489 ethic

1712 1530 1932 1574 sensus
1982 1512 2140 1574 nihil
2186 1513 2401 1589 refert,
2436 1531 2551 1575 nec
2578 1515 2729 1577 satis
2760 1523 2857 1578 est
2883 1517 2965 1578 ad
2990 1537 3171 1580 usum
3204 1520 3275 1581 li·

1709 1605 1971 1668 hortatis
2021 1606 2185 1668 circa
2233 1612 2444 1668 actum
2482 1613 2864 1688 praeceptum
2886 1657 2903 1684 ,
2952 1613 3273 1691 supposita

1713 1699 2005 1779 proecepti
2058 1698 2481 1779 impositione,
2509 1701 2657 1777 quia
2686 1699 2793 1763 illa
2840 1703 3145 1781 conditio,
3180 1704 3274 1765 vi-

1715 1791 1964 1866 delicet,
1996 1792 2169 1872 quod
2213 1791 2535 1854 auferatur
2575 1797 2978 1875 praeceptum,
3010 1813 3127 1858 nec
3162 1815 3274 1876 po·

1713 1884 1886 1948 nitur
1911 1885 1978 1946 in
2021 1903 2181 1962 esse,
2220 1903 2338 1948 nec
2368 1893 2465 1949 est
2498 1887 2565 1947 in
2618 1892 2927 1966 potestate
2982 1889 3275 1953 humanas

1713 1979 2053 2043 voluntatis
2082 1979 2327 2057 Christi,
2361 1986 2433 2043 ut
2455 1985 2729 2061 ponatur
2754 2003 2775 2059 ς
2810 1988 2872 2046 et
2896 1983 3064 2058 ideo,
3090 1985 3140 2046 si
3168 1985 3277 2047 illa

1713 2073 2055 2154 requiritur
2078 2073 2161 2136 ad
2184 2091 2371 2136 usum
2411 2073 2737 2151 libertatis,
2764 2075 2871 2137 illa
2898 2075 3131 2152 ablata,
3160 2078 3277 2140 im·

1713 2167 1967 2247 peditur
1990 2167 2135 2229 talis
2164 2185 2337 2228 usus.
2370 2165 2760 2248 Quapropter
2796 2167 2899 2230 ille
2929 2187 3153 2232 sensus
3174 2171 3273 2232 di-

1711 2259 1908 2335 visus,
1941 2259 2032 2322 sic
2060 2259 2430 2342 explicatus,
2459 2258 2664 2322 solum
2701 2259 2909 2324 reddit
2936 2261 3107 2324 hunc
3128 2279 3275 2326 sen·-

1717 2369 1882 2430 sum,
1905 2353 2079 2434 quod
2098 2354 2163 2414 in
2184 2351 2424 2417 Christo
2445 2352 2719 2415 habente
2738 2361 3121 2435 praeceptum
3142 2373 3275 2418 ma-

1715 2453 1822 2510 net
1849 2448 2155 2526 potentia,
2189 2463 2329 2525 ques
2368 2465 2447 2509 ex
2469 2465 2535 2509 se
2562 2445 2761 2509 libera
2794 2453 2889 2510 est
2922 2447 3005 2509 ad
3030 2467 3160 2510 non
3184 2449 3277 2510 fa·

1717 2539 2013 2604 ciendum
2068 2544 2278 2602 actum
2319 2543 2737 2622 proeceptum3
2769 2543 2833 2603 et
2860 2539 3065 2604 ablato
3108 2555 3273 2622 prae-

1677 2672 1684 2678 -
1717 2641 1923 2715 septu,
1958 2651 2126 2697 esset
2157 2633 2451 2716 expedita
2493 2633 2573 2696 ad
2600 2633 2904 2697 utendum
2933 2635 3037 2696 illa
3066 2641 3275 2715 potes-

1719 2733 1884 2804 tate3
1916 2745 2085 2789 nunc
2111 2734 2346 2801 autem,
2380 2728 2585 2809 posito
2610 2733 2943 2808 praecepto,
2972 2727 3277 2808 impedita

1719 2827 1836 2884 est.
1881 2821 2063 2884 Unde
2090 2821 2161 2883 fit
2202 2827 2294 2898 ut,
2332 2820 2481 2884 licet
2506 2821 2574 2883 in
2602 2839 2672 2883 se
2712 2821 2793 2883 sit
2812 2827 3053 2884 remote
3074 2821 3167 2900 (nt
3188 2821 3275 2884 sic

1720 2913 1977 2992 dicam),
2008 2921 2071 2977 et
2110 2933 2187 2976 ex
2216 2921 2395 2993 parto
2418 2933 2557 2988 sua,
2586 2914 2787 2977 libera
2808 2959 2823 2988 ,
2846 2921 3059 2977 tamen
3084 2915 3187 2976 hic
3214 2919 3279 2977 et

1717 3021 1912 3080 nunc,
1943 3007 2277 3088 suppositis
2308 3007 2601 3070 omnibus
2629 3025 2769 3087 quae
2814 3007 2983 3069 illam
3018 3007 3279 3070 circum⁴

1717 3106 1904 3176 stant,
1927 3101 1995 3162 in
2024 3101 2243 3164 ordine
2264 3103 2346 3164 ad
2374 3103 2537 3166 hanc
2566 3101 2877 3164 actionem
2892 3121 3023 3164 non
3049 3103 3279 3165 haheat

1716 3211 1906 3256 nsum
1947 3193 2239 3256 liberum.
2278 3194 2388 3256 Vel
2434 3195 2539 3258 ille
2594 3213 2819 3258 sensus
2874 3195 3109 3259 divisus
3137 3203 3275 3272 est,

1717 3289 1911 3368 qnod,
1934 3294 2139 3350 stante
2168 3289 2375 3351 adhuc
2424 3295 2762 3370 proeceptO,
2814 3307 3035 3351 revera
3078 3293 3279 3370 potest

1717 3381 2083 3444 nonfacere
2112 3387 2323 3442 actum
2348 3389 2749 3462 praeceptum,
2776 3381 2854 3443 de
2870 3381 3033 3444 facto
3068 3390 3275 3445 tamen

1717 3489 2045 3554 nunquam
2070 3483 2427 3553 componet,
2457 3475 2556 3536 vel
2586 3474 2769 3536 simul
2794 3482 2988 3553 ponet
3008 3475 3126 3537 hoc
3146 3493 3277 3536 non

1716 3565 1925 3628 facere
1956 3585 2102 3628 cum
2152 3567 2285 3646 ipso
2316 3571 2650 3647 proeceptO,
2678 3567 2769 3630 ita
2799 3575 2867 3630 ut
2910 3567 3065 3630 illud
3094 3585 3277 3648 posse

1717 3659 1782 3722 in
1811 3677 1997 3722 sensu
2026 3659 2223 3722 diviso
2273 3677 2403 3722 non
2458 3661 2747 3724 excludat
2782 3661 3273 3742 suppositionem

1717 3754 2036 3834 praecepti,
2062 3753 2173 3816 sed
2193 3754 2479 3816 excludat
2507 3759 2751 3818 tantum
2772 3755 2912 3834 conj
2922 3755 3278 3816 unctionem

1723 3853 1788 3908 et
1816 3846 2333 3926 compositionem
2362 3847 2659 3927 praecepti
2680 3865 2823 3908 cum
2850 3867 2961 3908 usn
2992 3845 3129 3908 talis
3166 3863 3283 3926 po-

1723 3941 1981 4002 testatis.
2014 3939 2091 4000 Et
2129 3939 2194 3999 in
2231 3939 2351 4001 hoc
2380 3957 2566 4002 sensu
2600 3939 2755 4002 nihil
2779 3940 2950 4002 aliud
2978 3942 3073 4002 est
3097 3957 3279 4020 posse

1723 4033 1790 4095 in
1823 4051 2013 4096 sensu
2041 4032 2262 4107 diviso,
2286 4032 2405 4094 nisi
2432 4034 2603 4114 quod
2632 4033 2813 4096 aliter
2838 4032 2961 4096 dici
3000 4033 3176 4110 solet,
3196 4033 3282 4094 ita

1723 4145 1929 4210 posse,
1954 4125 2127 4207 quod
2182 4125 2585 4189 infallibiliter
2626 4145 2753 4188 non
2794 4127 2999 4190 faciet.
3050 4127 3127 4188 Et
3160 4127 3281 4188 hoc

1721 4221 1912 4282 modo
1950 4221 2293 4300 explic-atus
2328 4237 2550 4282 sensus
2578 4221 2839 4296 divisnS,
2869 4223 2935 4283 in
2963 4219 3281 4282 communi

1720 4313 2064 4393 loquendo,
2082 4330 2211 4374 non
2236 4312 2489 4377 involvit
2515 4314 3023 4396 repugnantiam,
3042 4319 3113 4375 ut
3136 4331 3283 4376 con·-

1722 4413 1842 4468 stat
1863 4407 1930 4467 in
1972 4405 2354 4469 confirmatis
2386 4407 2449 4468 in
2479 4407 2704 4488 gratia,
2736 4413 2798 4470 et
2846 4407 2909 4468 in
2936 4407 3136 4487 gratia
3170 4421 3285 4467 seu

1721 4501 2049 4562 vocatione
2072 4499 2330 4573 efficaci,
2362 4505 2434 4565 nt
2460 4501 2560 4562 hic
2606 4497 2879 4564 breviter
2902 4505 3138 4564 tactum
3166 4503 3282 4576 est,

1725 4600 1786 4656 et
1805 4593 1953 4656 alibi
1978 4594 2163 4656 latius
2184 4600 2279 4656 est
2300 4592 2774 4656 declarandum.
2798 4595 2877 4655 At
2898 4613 3047 4656 vero
3074 4593 3143 4653 in
3164 4593 3285 4655 hoc

1725 4705 1913 4750 sensu
1950 4692 2135 4768 urget
2184 4686 2367 4750 valde
2422 4687 2779 4764 difficultas,
2802 4704 2953 4749 nam
3003 4688 3287 4766 sequitur

1723 4780 2085 4861 simpliciter
2132 4781 2471 4844 dicendum
2520 4797 2653 4843 esse
2672 4827 2687 4856 ‚
2745 4780 3051 4845 Christum
3102 4797 3283 4860 posse

1724 4891 2013 4953 peccare,
2045 4874 2189 4935 lieet
2228 4872 2549 4935 infallibile
2586 4873 2665 4934 sit
2696 4892 2773 4936 ex
2808 4874 3199 4954 praescientia
3222 4879 3287 4936 et

1721 4966 2115 5046 providentia
2144 4966 2279 5041 Dei,
2312 4967 2489 5028 illum
2506 4983 2634 5026 non
2666 4974 3107 5044 peccaturum3
3138 4986 3285 5030 con—

1721 5077 1993 5137 sequens
2050 5066 2147 5120 est
2177 5059 2357 5120 valde
2396 5059 2774 5134 absurdum3
2806 5079 2981 5142 ergo.
3016 5061 3280 5139 Sequcla

1723 5157 1987 5229 constat,
2030 5171 2203 5227 nam,
2244 5151 2413 5214 facta
2472 5153 2895 5232 suppositione
2947 5155 3244 5235 praecepti
3265 5198 3281 5227 ‚

1729 5245 1931 5308 adhuc
1953 5253 2160 5326 potest
2184 5243 2539 5308 nonfacere
2569 5251 2778 5309 actum
2801 5249 2908 5328 qui
2936 5253 3286 5326 praeceptns

1728 5347 1860 5417 est3
1895 5340 2008 5403 sed
2050 5357 2180 5402 non
2230 5339 2437 5401 facere
2489 5344 2699 5402 actum
2748 5346 3155 5422 praeceptum,
3197 5343 3289 5401 est

1727 5451 2031 5517 peccar03
2064 5451 2215 5514 ergo
2247 5449 2435 5514 posse
2480 5451 2609 5496 non
2636 5433 2848 5498 facere
2896 5437 3107 5496 actum
3132 5447 3290 5511 prae⁴

1731 5535 2005 5608 ceptum,
2034 5535 2129 5590 est
2166 5543 2351 5606 posse
2382 5543 2687 5607 peccare3
2722 5547 2875 5610 ergo
2916 5529 3119 5608 potest
3146 5541 3291 5604 pec·
