3892 6167
1307 325 1626 382 niseum.
1661 324 1921 378 xxxviii.
1954 327 2126 380 ssc'r.
2164 327 2245 380 ιιι.
2312 308 2323 321 “

117 425 636 506 superioribust
659 423 933 490 chi-istus
961 423 1154 498 enim,
1181 425 1331 504 quia
1359 431 1494 490 erat
1512 426 1578 488 in
1603 431 1726 488 sta-

115 527 196 582 tu
233 519 576 600 passibili,
595 519 798 600 potuit
816 524 1078 598 utraque
1103 521 1344 582 ratione
1367 518 1726 598 hujusmodi

115 623 334 677 actus
369 631 487 676 seu
531 614 794 676 affectus
842 613 1068 676 elicere
1087 627 1108 691 3
1153 613 1320 677 beati
1350 621 1584 689 autem,
1619 614 1726 694 qui

119 709 424 774 omnino
435 712 600 772 sunt
627 713 807 770 extra
828 706 1018 783 viam,
1057 712 1120 770 et
1159 709 1402 771 nullum
1430 707 1558 786 pati
1585 726 1728 788 pos-

119 811 303 867 sunt
349 805 594 865 namne
637 801 1148 876 incommodum,
1186 821 1314 868 non
1349 802 1584 866 habent
1611 802 1729 864 hu-

111 897 437 976 jusmodi
461 903 642 974 actus
671 895 1088 976 procedentes
1119 894 1230 958 illo
1259 895 1448 958 modo
1497 897 1578 958 ab
1605 896 1728 958 im-

119 997 306 1072 petu
339 996 610 1062 natum,
637 995 906 1069 possunt
932 994 1146 1052 tamen
1171 988 1410 1052 hahere
1449 991 1590 1052 aliis
1625 1009 1728 1052 ra-

121 1085 462 1160 tionihuS‚
479 1090 552 1146 ut
570 1084 808 1146 dictum
831 1089 964 1156 est-;
993 1100 1358 1162 quanquam
1387 1085 1580 1164 Cajet.
1616 1103 1726 1146 su·-

125 1197 284 1258 pra,
325 1177 664 1240 dicto'loco
682 1223 703 1254 ,
731 1181 1068 1255 utrumqne
1097 1183 1312 1257 neget,
1350 1176 1450 1238 cni
1479 1177 1725 1240 videtur

133 1273 372 1334 favere
393 1274 482 1332 D.
527 1271 804 1334 Thomas
831 1270 955 1346 hic,
987 1269 1246 1332 articulo
1276 1270 1519 1350 quinte,
1549 1270 1630 1334 ad
1657 1274 1720 1344 3,

137 1371 204 1428 et
239 1370 268 1428 1
289 1411 308 1428 .
333 1371 406 1444 2,
439 1371 660 1446 quoest.
696 1367 795 1441 19,
817 1371 934 1428 art.
968 1365 1068 1436 10,
1091 1363 1172 1428 ad
1197 1369 1253 1426 1.
1284 1364 1410 1428 Sed
1437 1367 1500 1426 iu
1530 1365 1724 1445 priori

137 1461 290 1522 loco
327 1459 748 1539 exponendos
793 1464 890 1520 est
929 1458 1112 1538 juxta
1151 1457 1318 1520 dicta
1355 1458 1436 1520 de
1479 1459 1724 1522 actibus

135 1552 650 1634 procedentibus
678 1570 758 1614 ex
779 1552 990 1631 aliquo
1023 1551 1426 1614 incommodo
1455 1558 1720 1628 naturae,

135 1665 258 1709 seu
310 1647 534 1714 carnis
577 1646 922 1726 passibilis,
961 1645 1044 1707 de
1067 1662 1196 1724 qua
1225 1663 1516 1726 expresse
1545 1646 1724 1710 divus

131 1740 432 1802 Thomas
488 1740 798 1819 loquitur;
839 1739 902 1800 in
939 1739 1080 1800 loco
1131 1744 1344 1802 autem
1398 1740 1724 1818 posteriori

131 1835 440 1912 loquitur
469 1833 550 1894 de
579 1839 724 1894 actu
749 1831 1064 1908 absoluto,
1108 1837 1172 1894 et
1211 1849 1342 1896 non
1365 1837 1610 1894 tantum
1645 1833 1724 1894 de

135 1925 490 1989 inefficaci.
510 1925 690 1990 Unde
709 1925 874 1989 addo
899 1926 1092 1988 etiam
1113 1925 1181 1988 in
1197 1926 1425 2002 beatis,
1452 1927 1727 2006 quisunt

133 2021 420 2082 omnino
449 2025 628 2083 extra
649 2020 840 2092 viam,
875 2038 1060 2098 posse
1085 2019 1402 2082 interdum
1433 2039 1573 2082 esse
1613 2021 1727 2082 lios

133 2120 338 2176 actus
370 2113 736 2176 inefficaces
774 2113 1190 2192 procedentes
1220 2132 1258 2174 a
1284 2113 1630 2187 voluntate,
1659 2120 1730 2176 ut

131 2213 387 2270 natura
431 2215 552 2282 est,
595 2225 726 2269 non
763 2207 912 2285 quia
937 2207 1218 2270 habeant
1241 2207 1518 2285 aliquem
1558 2207 1730 2270 dolo-

127 2319 310 2372 rem,
361 2299 468 2362 vei
501 2299 658 2379 qnia
683 2299 948 2362 timeant
991 2300 1228 2378 aliquid
1255 2300 1724 2367 incommodum

127 2401 429 2469 naturae,
450 2393 610 2455 sient
627 2391 952 2454 accidebat
970 2393 1035 2454 in
1053 2392 1318 2467 Christe,
1347 2394 1461 2455 sed
1489 2411 1563 2456 ex
1587 2397 1724 2458 aliis

129 2489 402 2561 cansis;
435 2491 537 2562 ut,
557 2485 737 2548 verbi
771 2486 996 2565 gratia,
1025 2487 1240 2548 anima
1273 2488 1460 2548 beata
1486 2489 1726 2566 appetit

127 2599 388 2660 corpus
420 2597 612 2642 snum
635 2623 651 2650 ,
693 2586 758 2640 et
803 2580 1324 2643 resurrectionem
1355 2599 1431 2642 ac
1461 2581 1723 2660 gloriam

131 2676 312 2753 ejnS,
371 2680 447 2735 nt
470 2679 720 2735 constat
753 2673 1012 2751 Apocal.
1043 2674 1126 2749 63
1169 2673 1324 2737 illud
1357 2679 1566 2738 autem
1611 2674 1719 2738 de-

135 2767 470 2828 siderium·
485 2772 588 2828 est
605 2785 722 2846 per
748 2766 1134 2829 voluntatem
1167 2766 1556 2830 inefficacem
1577 2786 1718 2846 pro-

139 2861 490 2924 cedentem
545 2860 628 2922 ab
677 2860 958 2940 appetitu
995 2865 1236 2922 naturae
1251 2905 1274 2936 ,
1323 2878 1464 2940 quae
1509 2860 1716 2939 aliquo

141 2954 351 3014 modo
374 2953 744 3032 imperfecta
767 2958 884 3027 est,
908 2951 1110 3014 donec
1136 2971 1398 3032 corpore
1420 2959 1482 3016 et
1505 2952 1716 3016 animo

141 3048 224 3109 sit
255 3048 477 3108 beata.

791 3166 1008 3220 sacrm
1032 3165 1116 3219 tn.

157 3283 355 3339 sti-nm
387 3282 445 3336 in
479 3281 754 3337 volun-tate
779 3281 981 3338 Christi
1003 3281 1214 3354 fuerint
1234 3289 1389 3338 actus
1421 3279 1636 3337 tt'morz's
1667 3290 1720 3337 et

799 3367 1063 3422 tristitioe.

235 3524 294 3581 1.
339 3521 600 3598 Oportet
649 3517 1036 3599 distinguere
1083 3519 1148 3580 in
1194 3518 1462 3598 ipsamet
1498 3517 1719 3578 volun-

151 3619 302 3674 tate·
335 3611 627 3674 rationali
667 3610 888 3674 Christi
933 3611 1322 3692 superiorem
1363 3614 1425 3671 et
1457 3609 1718 3672 iuferio-

155 3725 290 3768 rem
337 3705 728 3786 portionem,
771 3723 884 3767 sen
914 3707 1264 3778 rationem,
1307 3703 1608 3782 quoniam
1653 3703 1718 3764 in

155 3801 420 3880 siugulis
451 3797 704 3880 propria
751 3805 814 3861 et
857 3798 1192 3880 singularis
1237 3801 1338 3860 est
1363 3796 1713 3858 difficultas,

161 3897 366 3956 Primo
408 3895 600 3973 igitur
640 3899 882 3955 certum
911 3902 1046 3968 est,
1075 3897 1282 3954 actum
1315 3891 1558 3952 timoris
1607 3891 1720 3952 ba-

161 3988 372 4048 buisse
399 3987 606 4048 locum
636 3987 703 4048 in
733 4003 1024 4066 suprema
1054 3986 1342 4066 portione
1382 3983 1720 4045 voluntatis

161 4079 424 4154 Christi,
463 4097 612 4140 nam
641 4081 724 4141 ad
760 4081 931 4141 illam
975 4080 1248 4160 pertinet
1277 4077 1486 4138 filialis
1535 4078 1721 4138 timor

161 4175 294 4248 Dei,
337 4189 534 4252 quem
577 4174 638 4232 in
691 4174 938 4235 Christo
985 4174 1178 4236 fuisse
1225 4175 1472 4234 constat
1505 4190 1584 4232 ex
1615 4171 1718 4232 illo

163 4269 296 4329 lsai.
341 4271 408 4328 n
451 4281 482 4326 τ·
503 4267 778 4349 &plauit
827 4283 959 4329 eum
1002 4267 1264 4350 spiritus
1305 4266 1548 4329 timoris
1595 4267 1720 4327 Do·

163 4363 310 4422 utini
325 4385 352 4432 ;
383 4365 450 4421 et
489 4375 680 4439 supra
703 4405 723 4435 ‚
749 4379 810 4439 q.
839 4363 899 4432 7,
926 4361 1053 4421 late
1083 4361 1204 4422 hoc
1229 4358 1714 4432 declaravimus,

169 4459 426 4532 agentes
453 4452 534 4513 de
565 4451 734 4514 dono
761 4452 1020 4515 timoris.

245 4551 302 4608 2.
347 4545 639 4607 Secundo
659 4590 676 4620 ‚
700 4553 946 4606 certum
977 4545 1166 4607 etiam
1198 4549 1314 4620 est,
1345 4545 1408 4606 in
1438 4544 1715 4606 inferiori

167 4645 338 4720 parte
366 4638 651 4717 ejusdem
679 4639 1020 4700 voluntatis
1047 4638 1345 4702 habuisse
1373 4639 1580 4700 locum
1617 4657 1721 4699 ve-

173 4747 306 4792 rum
331 4731 662 4804 timorem,
702 4737 780 4792 nt
807 4735 1052 4794 constat
1091 4749 1172 4793 ex
1211 4732 1318 4793 illo
1363 4731 1556 4793 Marc.
1591 4733 1666 4792 14
1701 4746 1718 4791 :

180 4815 364 4904 empit‘
393 4839 612 4902 pavere
631 4869 652 4900 ,
707 4831 766 4886 et
803 4827 1043 4890 taedere.
1085 4827 1264 4886 Hunc
1298 4825 1466 4886 enim
1512 4825 1722 4884 locum

175 4934 291 4978 non
319 4917 522 4977 solum
551 4917 630 4979 de
657 4917 940 4979 sensibili
967 4918 1190 4983 timore
1213 4961 1228 4989 ,
1275 4916 1385 4978 sed
1423 4917 1612 4977 etiam
1641 4915 1723 4977 de

177 5010 432 5072 naturali
485 5010 712 5072 timore
765 5011 1105 5072 voluntatis
1161 5009 1384 5073 Christi
1433 5008 1724 5087 intelligit

179 5107 472 5177 Damaso„
495 5103 604 5164 lib.
635 5105 673 5165 3
695 5105 776 5166 de
795 5101 970 5176 Fide,
995 5123 1050 5166 c.
1079 5107 1156 5166 18
1175 5111 1240 5166 et
1261 5101 1502 5180 23‚-ubi
1530 5103 1724 5164 refert

181 5197 414 5271 Athen„
450 5199 562 5276 qui
603 5197 727 5259 hoc
764 5198 958 5259 habet
997 5197 1109 5258 lib.
1151 5197 1230 5258 de
1271 5197 1543 5268 incarn„
1581 5200 1723 5274 post

182 5291 464 5367 medinm,
491 5307 814 5370 exponens
842 5292 1034 5354 etiam
1054 5291 1246 5352 verba
1269 5291 1378 5351 illa
1397 5291 1584 5352 Joan.
1605 5291 1718 5349 12:

187 5384 393 5446 Anima
437 5399 572 5445 inea
613 5385 858 5448 turbata
903 5389 992 5447 est
1008 5427 1029 5461 ,
1073 5383 1154 5444 de
1199 5381 1487 5444 rationali
1546 5386 1726 5460 purte

190 5477 390 5537 animai
415 5475 639 5537 Christi
661 5497 678 5551 ς
704 5478 968 5558 Cyl-illus
993 5479 1208 5552 etiam,
1235 5477 1342 5544 lih.
1369 5477 1406 5536 4
1426 5474 1488 5536 in
1511 5475 1722 5550 ioan„

489 5594 663 5643 ιιι-ιιι.

1807 444 1862 487 c.
1895 426 2138 499 1,idem
2160 427 2377 500 docem
2410 432 2475 494 et
2492 428 2603 490 lib.
2640 431 2709 492 to
2730 432 2943 496 Thes...
2976 455 3032 499 c.
3066 441 3129 508 3,
3158 438 3361 512 addit,

1808 520 2157 582 orationem
2188 520 2409 584 Christi
2438 523 2682 586 Domini
2712 523 2779 586 in
2810 525 2991 590 horto
3032 549 3112 592 ex
3140 532 3364 594 timore

1807 613 2025 674 mortis
2057 632 2195 676 esse
2220 614 2609 694 profectam3
2638 622 2701 678 et
2728 617 2873 680 inde
2900 622 3133 703 colligit
3170 624 3367 688 fuisse

1809 704 1874 766 in
1904 705 2141 768 Christo
2170 707 2553 770 voluntatem
2588 709 2968 789 humanam3
3002 717 3191 778 sentit
3218 735 3369 800 ergo

1808 800 1979 860 hunc
1988 799 2281 862 timorem
2290 800 2373 864 ad
2388 801 2559 864 illam
2572 803 2956 868 voluntatem
2972 809 3366 888 pertinuisse.

1805 892 1987 954 Ratio
2018 911 2165 958 vero
2194 895 2377 956 facile
2403 896 2606 976 colligi
2632 903 2832 974 potest
2852 917 2928 962 ex
2950 901 3131 964 dictis
3150 921 3365 982 supra,

1809 1002 1871 1062 q.
1917 989 1995 1048 15
2014 1031 2029 1058 ‚
2058 987 2138 1048 de
2169 987 2354 1050 simili
2384 989 2675 1068 passione
2704 994 3017 1072 appetitus
3046 997 3367 1074 sensitivi3

1807 1097 1959 1142 nam
1988 1080 2156 1143 idem
2185 1081 2524 1161 objectum,
2550 1083 2721 1162 quod
2756 1093 2963 1164 potest
2990 1090 3261 1154 excitare
3288 1091 3364 1152 ti·

1805 1191 2049 1235 morem
2077 1174 2145 1234 in
2164 1175 2445 1254 appetitu
2474 1176 2793 1254 sensitiw,
2818 1186 3025 1258 potest
3044 1183 3233 1244 etiam
3263 1203 3369 1248 ex-

1805 1265 1999 1328 citare
2024 1266 2089 1328 in
2121 1267 2441 1332 voluntate
2460 1284 2483 1348 3
2505 1269 2631 1332 imo
2660 1271 2723 1332 in
2754 1273 2849 1334 his
2874 1274 3227 1352 affectibus,
3259 1277 3367 1354 qui

1803 1361 2125 1423 naturales
2160 1366 2305 1422 suut
2358 1367 2417 1424 et
2469 1362 2740 1440 innoxii,
2779 1365 2939 1428 sicut
2967 1368 3257 1431 voluntas
3288 1388 3365 1430 cx

1805 1458 2035 1518 natura
2060 1472 2174 1516 sua
2199 1455 2530 1518 comitatur
2550 1458 2919 1536 appetitum,
2941 1460 3027 1522 ita
3044 1461 3104 1522 in
3125 1462 3367 1525 Christo

1803 1547 2107 1626 permissa
2132 1555 2227 1610 est
2252 1549 2524 1610 naturali
2550 1551 2737 1612 modo
2767 1553 3012 1631 operari
3032 1554 3249 1628 {nulla
3273 1558 3369 1618 est

1807 1641 1979 1702 enim
2006 1641 2165 1704 ratio
2190 1661 2301 1705 cui·
2323 1642 2512 1704 fuerit
2536 1643 2859 1724 impedita,
2884 1663 3091 1726 neque
3118 1665 3231 1710 cur
3258 1667 3371 1730 po-

1810 1735 1929 1796 lius
1959 1736 2061 1797 hic
2090 1736 2355 1798 affectus
2390 1736 2705 1800 admissus
2748 1739 2937 1802 fuerit
2985 1741 3049 1800 in
3088 1744 3369 1824 appetitu

1807 1829 2125 1902 sensitivo,
2160 1847 2351 1907 quam
2381 1830 2447 1890 in
2470 1831 2813 1909 voluntate,
2837 1851 2979 1894 cum
3010 1835 3073 1894 in
3102 1842 3369 1913 utraque

1807 1923 2083 2000 potentia
2116 1937 2253 1986 esse
2276 1923 2573 2002 potuerit,
2608 1931 2668 1988 et
2692 1925 3011 1992 deservire
3035 1927 3111 1988 ad
3144 1929 3371 1991 verita-

1807 2017 1938 2076 tem
1969 2020 2209 2076 naturae
2230 2017 2707 2090 ostendendam,
2742 2024 2800 2078 et
2830 2018 3059 2098 alioqui
3088 2020 3371 2080 naturale

1809 2107 1888 2168 sit
1932 2113 2001 2168 nt
2034 2107 2132 2168 11ae
2172 2108 2311 2168 duae
2339 2109 2671 2170 facultates
2706 2129 2773 2172 sc
2824 2111 3091 2172 invicem
3121 2114 3365 2192 juvent,

1809 2218 1926 2264 seu
1954 2200 2351 2264 comitentur.

1891 2295 1950 2354 3.
1994 2291 2145 2354 Dico
2174 2292 2375 2366 tertie,
2420 2294 2479 2354 in
2514 2294 2741 2358 Christi
2772 2297 3017 2361 Domini
3044 2299 3363 2360 voluntale

1809 2386 2155 2448 secundum
2176 2388 2527 2465 portionem
2552 2387 2909 2452 interiorem
2931 2392 3119 2452 fuisse
3146 2412 3365 2456 verum

1809 2486 2015 2542 actum
2070 2479 2352 2542 tristitias.
2387 2483 2495 2542 Est
2538 2484 2890 2545 communis
2942 2487 3253 2546 sententia
3300 2493 3366 2553 et

1807 2579 2020 2650 certa3
2059 2573 2373 2652 colligitur
2420 2591 2497 2634 ex
2526 2575 2599 2634 D.
2648 2576 2891 2638 Thoma
2945 2577 3087 2652 hic;
3131 2578 3363 2640 clarius

1801 2683 2013 2746 supra,
2054 2684 2115 2745 q.
2143 2667 2241 2736 15,
2266 2669 2380 2726 art.
2414 2667 2475 2740 6,
2503 2667 2583 2727 ad
2611 2671 2649 2730 4
2678 2686 2693 2740 3
2728 2674 2897 2730 tenet
2929 2669 3168 2746 Aluus„
3201 2673 3237 2730 3
3267 2689 3358 2750 p.,

1799 2777 1864 2839 q.
1909 2763 2011 2830 17,
2056 2757 2289 2822 memb.
2328 2761 2393 2834 2,
2428 2765 2544 2820 art.
2598 2761 2722 2842 5‚§
2758 2763 2797 2820 2
2848 2766 2910 2822 et
2966 2765 3033 2832 3;
3082 2764 3361 2836 Henric.‚

1801 2852 2023 2926 Quodl.
2064 2855 2124 2928 8,
2152 2869 2214 2931 q.
2238 2853 2639 2930 73Durand.,
2670 2853 2733 2916 d.
2769 2856 2869 2930 15,
2901 2873 2962 2932 q.
2992 2859 3064 2926 23
3100 2857 3361 2928 Bonam,

1799 2946 1864 3010 d.
1908 2949 2005 3021 16,
2036 2965 2098 3025 q.
2131 2948 2187 3010 1.
2220 2948 2293 3008 Ει
2321 2946 2625 3025 probatur
2658 2965 2732 3010 ex
2780 2947 2986 3010 verbis
3020 2950 3192 3012 Matt.
3236 2953 3310 3012 16
3345 2968 3358 3009 :

1803 3040 2040 3104 Tristis
2068 3045 2155 3101 est
2178 3041 2389 3104 anima
2420 3058 2571 3112 mea,
2606 3058 2743 3118 quae
2781 3041 3069 3122 intelligit
3115 3043 3194 3104 de
3228 3044 3363 3120 tris-

1673 3183 1681 3192 .
1803 3131 1934 3197 titia
1961 3131 2329 3210 voluntati&
2352 3131 2576 3212 Agath.
2604 3133 2777 3214 Pap„
2797 3133 2859 3194 in
2886 3136 3067 3213 epist.
3102 3154 3245 3214 quae
3270 3156 3363 3198 re-

1803 3229 1999 3290 fertur
2018 3227 2095 3286 vl
2127 3225 2393 3305 Synod„
2420 3231 2541 3286 act.
2560 3231 2627 3296 -13
2669 3233 2731 3288 et
2756 3227 3052 3307 Sophr0.,
3080 3229 3145 3290 in
3176 3229 3357 3310 epist.

1801 3337 1940 3399 quae
1969 3319 2236 3382 habetur
2274 3319 2498 3382 eadem
2526 3319 2795 3400 Synod.,
2826 3327 2947 3382 act.
2998 3325 3061 3384 11
3095 3343 3109 3396 ;
3174 3323 3362 3386 habe-

1800 3419 1901 3476 tur
1927 3413 2114 3474 etiam
2146 3413 2211 3474 in
2265 3411 2467 3474 edicto
2514 3411 2904 3476 Constantini
2948 3416 3295 3495 approbato
3325 3435 3362 3480 a

1799 3507 2009 3568 Leone
2036 3508 2185 3584 Pap.
2218 3503 2293 3579 11,
2321 3511 2391 3567 ut
2422 3505 2690 3566 refertur
2718 3506 2781 3568 in
2819 3505 3043 3568 eadem
3094 3507 3359 3588 Synod„

1801 3606 1924 3665 act.
1965 3602 2063 3670 18,
2096 3599 2205 3660 uhi
2248 3599 2313 3660 in
2366 3598 2529 3660 hanc
2576 3597 2949 3660 sententiam
3006 3596 3363 3664 referuntur

1801 3693 2059 3772 Gregor.
2093 3693 2270 3770 Nys,
2300 3691 2406 3752 lib.
2442 3697 2661 3752 contra
2700 3690 2933 3768 Apoll.;
2966 3693 3265 3754 AthanaS.
3301 3701 3364 3754 et

1801 3787 2019 3867 Cyril„
2046 3785 2199 3848 locis
2228 3785 2417 3865 paulo
2446 3791 2631 3848 antea
2656 3785 2893 3858 citatis;
2923 3792 2985 3849 et
3022 3787 3357 3866 Epiphau.,

1801 3882 1914 3960 qui
1939 3881 2059 3942 hoc
2087 3880 2273 3942 sentit
2302 3877 2526 3940 lia-eresi
2556 3881 2635 3940 66
2664 3898 2679 3952 ;
2713 3878 2865 3940 dicit
2898 3879 3065 3940 enim
3098 3898 3223 3940 non
3251 3899 3365 3960 po-

1801 3975 1996 4036 tuisse
2026 3973 2339 4036 Christum
2368 3989 2507 4036 esse
2536 3991 2829 4052 capacem
2863 3971 3049 4051 hujus
3077 3972 3358 4044 tristitiae,

1800 4068 1922 4130 nisi
1958 4067 2221 4128 haberet
2246 4065 2523 4126 animam
2552 4065 2919 4128 rationalem
2944 4084 2961 4137 ;
2998 4065 3167 4144 quod
3196 4067 3363 4130 vidc-

1804 4169 1900 4224 tur
1915 4159 2277 4240 exposuisse
2294 4159 2521 4220 Hieron
2526 4177 2655 4240 ym.
2670 4159 2881 4230 ,Matth
2893 4158 3120 4234 .⁶26,11is
3132 4157 3357 4239 verbis:

1809 4254 1922 4330 Qua·
1939 4253 2363 4318 irrationalem
2390 4253 2659 4316 animam
2682 4253 3017 4332 sumpsisse
3049 4249 3367 4318 Christum

1800 4350 2216 4428 suspicantur,
2260 4345 2461 4410 dicant
2484 4363 2599 4427 quo
2634 4347 2799 4410 modo
2843 4348 3265 4424 contristatur,
3300 4353 3358 4412 ab

1791 4445 2058 4524 perfecte
2074 4440 2303 4504 noverit
2320 4457 2535 4502 causas
2548 4437 2845 4504 cassatim.
2878 4437 3071 4502 Eamd
3079 4457 3179 4502 em
3212 4459 3357 4504 sen·

1799 4535 2061 4598 tentiam
2090 4533 2281 4594 hahet
2321 4533 2637 4612 Damaso„
2662 4531 2772 4594 lib.
2805 4533 2841 4592 3
2867 4531 2945 4593 de
2975 4532 3146 4609 Fide,
3170 4553 3225 4596 c.
3259 4538 3360 4596 26.
3406 4555 3413 4562 ·

1801 4628 1979 4690 Ratio
2005 4645 2157 4690 vero
2188 4627 2414 4688 eadem
2442 4632 2537 4689 est
2562 4643 2703 4704 qur-e
2742 4626 2803 4685 in
2830 4627 3177 4688 assertione
3202 4646 3361 4707 proe-

1802 4721 2053 4786 cedenti
2088 4727 2251 4782 tacta
2280 4720 2419 4796 fuit,
2448 4719 2594 4798 quia
2620 4718 2726 4780 hic
2754 4719 3013 4780 affectus
3050 4720 3241 4782 etiam
3273 4728 3367 4783 est

1803 4814 2111 4880 naturalis
2142 4820 2203 4874 et
2244 4813 2565 4888 innoxius,
2614 4817 2677 4872 ct
2728 4811 2953 4872 habuit
3001 4811 3065 4872 in
3130 4812 3371 4876 Christo

1804 4907 2187 4980 sufficientes
2216 4925 2438 4966 causas
2468 4923 2547 4966 ex
2573 4911 2749 4984 parte
2772 4902 3021 4982 objecti,
3056 4909 3367 4984 etappre-

1801 5000 2128 5064 hensionis
2152 5001 2312 5079 ejus,
2342 5006 2402 5060 et
2430 5011 2509 5060 ex
2538 5003 2761 5060 natura
2792 4997 2888 5058 rei
2916 5013 3235 5060 connexus
3276 5005 3371 5059 est

1805 5113 1950 5162 cum
1966 5094 2207 5158 tristitia
2224 5091 2597 5164 sensu8,nisi
2615 5088 3015 5168 impediatur-3
3034 5108 3160 5152 non
3184 5109 3368 5170 opor-

1805 5189 1924 5250 tuit
1970 5193 2183 5250 autem
2232 5185 2297 5248 in
2352 5183 2594 5248 Christo
2650 5181 2963 5261 impediri,
3021 5184 3366 5262 praesertim

1807 5301 1955 5346 cam
1982 5281 2069 5342 ad
2100 5277 2607 5342 satisfaciendum
2634 5294 2750 5355 pro
2791 5275 2972 5338 nobis
3018 5293 3369 5338 accommo-

1805 5375 2171 5440 datissimus
2198 5373 2296 5446 sit,
2328 5391 2453 5434 ιιοιι
2484 5369 2693 5432 minus
2732 5388 2921 5449 quam
2950 5368 3197 5431 tristitia
3226 5387 3369 5432 sen-

1811 5469 2027 5532 sibilis·

2967 5568 3047 5627 ΞΟ
