3892 6167
516 484 865 569 proprietas
908 484 1151 543 naturae
1204 476 1467 553 divinae,
1518 482 1581 539 et
1625 492 1743 557 per
1787 475 2094 537 unionem

518 598 649 643 non
668 582 765 639 est
782 576 947 637 faeta
964 579 1335 635 naturarum
1356 570 1663 645 confusio,
1688 568 1800 632 sed
1824 575 2092 647 utraque

520 680 747 737 natura
788 688 936 733 suas
964 668 1381 749 proprietates
1410 665 1686 729 retinuit.
1720 662 1795 727 Et
1822 669 1956 727 tota
1987 662 2092 725 lit-

518 776 657 835 tera
681 773 743 829 et
775 764 1084 827 sententia
1106 766 1180 826 D.
1202 764 1453 823 Thomae
1483 761 1653 823 clara
1682 763 1798 821 est.

599 868 662 925 2.
688 860 901 924 Solum
924 863 1019 919 est
1044 856 1319 919 notanda
1346 854 1571 916 solutio
1604 854 1685 915 ad
1714 852 2087 929 secundum,

521 961 590 1023 in
616 976 743 1037 qua
764 954 896 1017 Div.
916 954 1189 1014 Thomas
1210 950 1476 1030 explicat
1497 946 2003 1009 convenientiam
2028 951 2091 1009 et

522 1050 941 1115 differentiam
968 1047 1133 1109 inter
1174 1044 1455 1107 divinam
1496 1040 1823 1103 scientiam
1855 1045 1917 1103 et
1959 1058 2090 1102 om-

522 1144 957 1225 nipotentiam,
986 1160 1063 1203 ex
1092 1156 1361 1218 quarum
1390 1136 1863 1215 comparatione
1900 1153 2089 1213 argu-

524 1246 811 1301 mentum
842 1235 1259 1317 procedebat,
1292 1229 1675 1293 assumendo
1712 1234 1903 1291 totam
1933 1228 2088 1291 divi-

518 1352 668 1395 nam
688 1332 1011 1395 scientiam
1029 1346 1163 1389 esse
1182 1326 1709 1388 communicatam
1724 1328 1962 1383 naturae
1973 1322 2090 1381 hu-

520 1444 749 1498 manae,
775 1432 835 1487 et
858 1423 1004 1485 inde
1031 1421 1359 1483 inferendo
1394 1437 1532 1481 esse
1563 1417 2088 1481 communicatam

522 1517 1059 1598 omnipotentiam.
1086 1513 1445 1594 Respondet
1472 1517 1689 1574 autem
1717 1512 1789 1572 D.
1816 1508 2090 1571 Thomas

519 1612 814 1693 negando
846 1610 1365 1689 assumptionem,
1394 1608 1456 1667 in
1484 1608 1602 1667 hoc
1634 1605 1803 1667 enim
1832 1603 2090 1665 scientia

522 1716 587 1771 et
634 1707 912 1787 potentia
947 1703 1159 1766 divina
1195 1700 1610 1773 conveniunt,
1646 1697 1817 1777 quod
1864 1700 2089 1759 neutra

524 1802 725 1881 potuit
750 1797 1199 1861 communicari
1220 1802 1459 1857 naturae
1492 1800 1713 1856 creatae
1740 1791 2088 1853 secundum

522 1903 719 1959 totam
741 1892 1190 1973 perfectionem
1210 1908 1399 1970 quam
1424 1890 1489 1949 in
1514 1890 1639 1951 Deo
1660 1887 1871 1948 habet.
1898 1885 2088 1947 Addit

521 2009 671 2053 vero
696 1988 1115 2050 differentiam
1135 1988 1297 2046 inter
1320 2002 1451 2058 eas,
1476 1982 1730 2055 scilicet,
1760 1980 2087 2043 scientiam

522 2085 875 2163 aliquarum
904 2098 1115 2145 rerum
1144 2096 1330 2159 posse
1368 2074 1814 2139 communicari
1844 2081 2088 2136 naturae

522 2184 749 2240 creatoe
766 2221 788 2252 ,
820 2175 900 2237 ad
930 2192 1087 2254 quas
1123 2170 1481 2233 efficiendas
1515 2188 1643 2231 non
1685 2171 1893 2248 potest
1922 2186 2090 2228 com·

522 2272 829 2335 municari
862 2268 1163 2349 potentia.
1195 2266 1569 2343 Exemplum
1610 2264 1785 2343 ponit
1822 2264 1895 2323 D.
1928 2263 2091 2323 Tho-

521 2386 660 2429 mas
694 2367 760 2427 in
804 2363 1121 2427 creatione
1144 2408 1159 2435 ,
1194 2360 1363 2440 quod
1397 2360 1617 2421 saltem
1660 2358 1723 2419 in
1770 2356 2089 2417 creatione

524 2461 619 2522 sui
650 2459 851 2539 ipsius
900 2463 993 2519 est
1032 2456 1455 2517 indubitatum
1480 2499 1499 2527 ,
1529 2451 1729 2532 potuit
1776 2450 1945 2511 enim
1975 2450 2092 2511 hu-

522 2553 807 2617 manitati
860 2551 1083 2613 Christi
1112 2548 1561 2611 communicari
1610 2544 1871 2607 scientia
1922 2561 2092 2605 crea-

520 2649 713 2709 tionis
750 2662 917 2719 suae,
948 2660 1075 2705 non
1129 2649 1341 2705 tamen
1378 2638 1679 2718 potentia.
1714 2637 1901 2715 Cujus
1932 2636 2091 2697 ratio

523 2742 806 2804 redditur
834 2758 873 2799 a
900 2741 973 2799 D.
998 2738 1261 2809 Thoma,
1294 2734 1443 2813 quia
1472 2733 1547 2794 ad
1581 2730 2091 2809 cognoscendum

526 2836 735 2913 aliquo
769 2832 960 2895 modo
991 2830 1267 2908 aliquam
1290 2845 1423 2889 rem
1454 2844 1581 2886 non
1612 2824 1950 2903 requiritur
1977 2824 2093 2883 vir-

524 2934 627 2991 tus
670 2926 941 2999 infinita,
976 2930 1223 2985 atvero
1266 2921 1348 2983 ad
1390 2918 1787 2981 efficiendum
1831 2915 2090 2994 aliquid,

524 3020 700 3083 verbi
731 3020 953 3099 gratia,
988 3017 1068 3079 ad
1118 3015 1481 3087 creandum,
1515 3010 1854 3090 requiritur
1897 3009 2093 3071 virtus

522 3114 787 3176 infinita.
841 3112 989 3185 Oua}
1038 3110 1195 3171 ratio
1246 3107 1674 3170 difficultatem
1726 3103 1943 3176 habet3
1982 3099 2094 3163 scd

526 3226 667 3269 eam
696 3208 948 3278 omitto,
980 3204 1128 3284 quia
1166 3202 1249 3265 ad
1290 3200 1623 3263 materiam
1666 3198 1745 3261 de
1776 3197 2092 3260 creatione

522 3301 827 3381 pertinen
854 3299 936 3359 ad
964 3314 1279 3359 summum
1312 3296 1477 3355 cuim
1512 3293 1734 3373 probat
1758 3292 1835 3353 de
1866 3292 2090 3353 virtute

523 3393 849 3475 principali
883 3390 1161 3465 creandi,
1182 3408 1311 3450 non
1338 3388 1416 3449 de
1446 3386 1975 3448 instrument-aria.
2000 3386 2090 3447 De

520 3487 775 3569 propria
822 3504 971 3547 vero
1016 3484 1331 3546 creatione
1382 3481 1479 3541 sui
1520 3481 1714 3560 ipsius
1744 3478 2092 3541 evidentior

522 3583 683 3644 ratio
712 3580 1025 3653 redditur,
1058 3579 1205 3656 quia
1236 3576 1561 3657 productio
1592 3575 1687 3637 rei
1729 3574 2091 3653 simpliciter

521 3677 817 3757 supponit
845 3676 1194 3736 necessario
1237 3674 1443 3751 ipsum
1472 3690 1600 3731 non
1648 3688 1785 3733 esse
1828 3671 1923 3731 rei
1955 3675 2092 3729 tan·

524 3788 715 3851 quam
740 3770 1079 3851 terminum
1102 3787 1139 3831 a
1158 3786 1315 3845 quo;
1342 3772 1614 3846 potestas
1632 3783 1783 3827 vero
1806 3763 2085 3839 creandi,

520 3882 919 3945 quaecunque
954 3865 1059 3925 illa
1096 3863 1204 3936 sit,
1238 3861 1535 3941 supponit
1568 3877 1727 3933 rem,
1747 3858 2087 3919 habentem

518 3960 709 4021 talem
742 3962 1142 4037 potestatem,
1178 3954 1413 4016 habere
1454 3953 1641 4015 etiam
1673 3971 1830 4026 esse,
1854 3958 1916 4013 ct
1943 3952 2085 4013 ideo

518 4052 1010 4133 implicationem
1068 4050 1329 4113 involvit
1382 4048 1569 4109 alicui
1635 4046 2086 4109 communicari

517 4153 893 4229 potestatem
924 4145 1182 4209 creandi
1212 4164 1279 4206 se
1308 4144 1545 4225 ipsum3
1576 4148 1787 4205 tamen
1828 4142 2086 4203 scientia

514 4243 607 4302 rei
637 4248 699 4303 et
724 4239 1155 4321 productionis
1186 4238 1321 4317 ejus
1357 4256 1485 4299 non
1516 4236 1807 4316 supponit
1835 4254 1972 4297 rem
2013 4235 2086 4295 il-

514 4334 643 4395 lam
672 4352 801 4393 non
843 4350 1013 4405 esse,
1049 4338 1113 4394 et
1142 4332 1282 4393 ideo
1328 4334 1534 4410 potest
1576 4330 1797 4409 aliquis
1826 4329 1984 4391 scire
2015 4346 2082 4390 se

512 4429 744 4507 ipsum,
778 4432 886 4487 aut
912 4444 1096 4487 suam
1127 4425 1531 4498 creationem,
1564 4436 1693 4485 non
1724 4430 1933 4485 tamen
1976 4441 2083 4504 po-

514 4527 637 4583 test
689 4520 857 4579 illam
896 4518 1127 4580 facere.
1183 4518 1358 4580 Adde
1375 4564 1395 4594 ,
1444 4518 1524 4579 ad
1576 4518 2082 4597 cognoscendam

513 4632 649 4675 rem
678 4659 693 4689 ,
728 4612 879 4675 satis
911 4630 1051 4675 esse
1078 4612 1450 4692 participare
1482 4612 1755 4690 aliquam
1797 4613 2082 4673 similitu-

512 4707 727 4771 dinem
778 4706 1283 4781 intentionalem,
1331 4706 1433 4767 vel
1478 4706 1714 4767 lumen.
1752 4707 1908 4769 Nam
1964 4724 2079 4786 per

514 4802 939 4881 cognitionem
984 4801 1159 4880 quasi
1207 4799 1553 4863 extrinsece
1600 4801 1920 4879 attingitur
1967 4802 2076 4863 oh-

504 4896 745 4975 jectum
792 4894 1146 4973 cognitum3
1181 4899 1244 4956 at
1279 4912 1427 4957 vero
1476 4893 1557 4956 ad
1602 4895 2076 4973 producendam

1770 372 2008 437 QUAEST.
2039 371 2170 429 xm.
2203 372 2406 429 Anno.
2439 372 2503 428 II.

2683 565 3105 633 ARTICULUS
3145 567 3223 629 Π.

2187 746 2416 813 Utrum
2441 747 2648 811 anima
2668 743 2908 811 Christi
2928 743 3205 807 habuerit
3233 740 3728 824 omnipotentiam

2345 846 2617 923 respectu
2643 837 3089 904 immutationis
3115 842 3576 904 creaturarum.

2256 1047 2310 1107 1.
2373 1044 2481 1107 Ad
2525 1043 2848 1107 secundum
2896 1042 2984 1105 sic
3023 1042 3402 1121 proceditur.
3489 1040 3738 1107 Videtur

2168 1140 2329 1217 quod
2358 1140 2568 1201 anima
2599 1135 2838 1199 Christi
2865 1136 3080 1197 habeat
3109 1135 3630 1217 omnipotentiam
3653 1154 3738 1199 re-

2169 1237 2376 1312 spectu
2411 1230 2856 1295 immutationis
2885 1234 3327 1295 creaturarum.
3357 1230 3550 1293 ,Dicit
3601 1232 3736 1293 enim

2171 1328 2320 1405 ipse,
2355 1325 2646 1389 Matthoei
2667 1324 2783 1390 ult.
2817 1351 2840 1387 .·
2869 1324 3040 1387 Data
3073 1328 3160 1387 eet
3201 1325 3358 1387 milti
3405 1324 3624 1387 omnis
3637 1343 3738 1402 pc·-

2173 1425 2361 1483 testas
2389 1421 2456 1481 in
2483 1419 2628 1483 coelo
2655 1424 2712 1481 et
2741 1419 2808 1481 in
2835 1422 3024 1481 terra.
3051 1415 3184 1482 Sed
3221 1420 3462 1481 nomine
3511 1416 3661 1481 ooeti
3693 1426 3738 1481 et

2172 1519 2354 1577 terroe
2399 1514 2778 1595 intelliqitur
2830 1512 3022 1575 omnis
3069 1517 3354 1577 creatura
3379 1558 3398 1585 ,
3441 1516 3528 1573 ut
3547 1518 3738 1591 patet,

2173 1626 2302 1672 cum
2353 1608 2584 1671 dicitur
2632 1606 2838 1671 Genea.
2895 1609 2974 1669 1:
3023 1604 3108 1667 In
3143 1606 3458 1687 principio
3517 1608 3740 1669 creat-it
3842 1636 3843 1645 κ

2169 1704 2334 1765 Deus
2358 1702 2571 1767 coelum
2600 1706 2654 1765 et
2675 1708 2928 1765 terram.
2959 1700 3136 1782 Eryo
3149 1700 3390 1767 videtur
3415 1702 3596 1780 quod
3615 1703 3740 1763 ani-

2169 1815 2272 1859 ma
2301 1796 2538 1861 Christi
2567 1798 2785 1859 habeat
2805 1796 3298 1876 omnipotentiam
3319 1800 3618 1877 respectu
3637 1796 3740 1859 im-

2168 1892 2530 1953 mutationis
2548 1894 2988 1954 creaturarum.

2251 1988 2306 2047 2.
2355 1985 2670 2047 P-roeterea
2689 2030 2706 2058 ,
2753 1984 2962 2047 anima
3007 1978 3248 2047 Christi
3273 1990 3360 2049 eet
3397 1986 3740 2065 perfectior

2168 2077 2436 2158 qualibet
2462 2082 2744 2141 creatura
2759 2101 2784 2149 ;
2804 2080 2910 2141 sed
2931 2076 3212 2157 quoelibet
3235 2082 3538 2141 creatura
3549 2084 3740 2157 potest

2167 2173 2392 2235 moveri
2425 2174 2498 2237 ab
2529 2171 2742 2251 aliqua
2771 2176 3056 2235 creatura
3075 2196 3100 2243 ,·
3131 2172 3282 2235 dicit
3307 2172 3474 2235 enim
3521 2171 3742 2252 Anqu-

2169 2266 2366 2329 stinus
2392 2266 2460 2327 in
2486 2269 2524 2329 3
2555 2266 2628 2329 cle
2665 2264 2904 2329 Trinit.
2939 2264 2983 2338 ¹,
3033 2266 3193 2343 qaod
3214 2311 3233 2337 ‚
3281 2266 3438 2329 εἰστιι
3487 2284 3742 2345 corpora

2172 2362 2476 2425 crassiora
2504 2364 2560 2423 et
2589 2359 2890 2439 inferiora
2911 2378 3028 2440 per
3056 2359 3380 2425 subtiliora
3419 2364 3481 2423 et
3525 2364 3742 2439 poten-
3844 2390 3845 2403 κ

2173 2456 2334 2517 tiara
2373 2457 2630 2533 quodam
2657 2456 2866 2516 ordine
2893 2460 3212 2537 repuntwr,
3242 2456 3336 2518 ita
3367 2455 3586 2517 munia
3619 2475 3743 2519 cor·

2162 2567 2322 2629 pora
2333 2568 2450 2627 per
2476 2549 2766 2629 spiritum
2779 2550 2944 2621 υἱέα),
2965 2552 3018 2611 et
3037 2549 3298 2628 spiritus
3311 2548 3454 2611 vitoe
3473 2549 3742 2611 irratio-

2171 2643 2339 2705 nalis
2356 2662 2471 2721 per
2506 2644 2796 2722 spirit-um
2822 2642 2964 2705 oitoe
2983 2642 3370 2717 rationalem,
3391 2648 3448 2705 et
3477 2644 3740 2723 spiritus

2171 2737 2314 2798 eita’
2343 2736 2615 2797 rational
2620 2737 2674 2797 ἱε
2690 2738 2956 2799 desertor
2975 2740 3154 2814 atque
3167 2742 3456 2815 peccator
3463 2754 3600 2816 per
3621 2738 3740 2815 spi-

2171 2830 2358 2891 ritum
2395 2830 2536 2891 ‘citoe
2561 2828 2930 2891 rationalem
2943 2828 3122 2908 pium
3145 2832 3200 2891 et
3215 2827 3484 2905 justum.
3513 2829 3742 2891 Anima

2173 2928 2375 2984 autem
2425 2922 2661 2987 Christi
2693 2922 2876 2985 etiam
2921 2921 3083 3002 ipsos·
3129 2938 3440 3001 supremos
3481 2924 3742 3002 spi-ritus

2173 3020 2360 3079 νηοῖσι
2383 3063 2398 3090 ,
2433 3015 2843 3079 illuminando
2885 3033 3008 3090 eos,
3053 3020 3122 3079 ut
3165 3014 3317 3079 dicit
3355 3016 3740 3095 Dionysius,

2176 3128 2223 3172 c.
2247 3110 2283 3173 7
2304 3109 2453 3175 Cat.
2475 3110 2678 3176 hier).
2699 3110 2874 3191 Eryo
2893 3109 3135 3173 videtur
3147 3110 3308 3189 quod
3319 3108 3540 3172 anima
3563 3109 3744 3173 Chri-
3846 3166 3848 3177 .

2171 3203 2258 3265 sti
2284 3204 2497 3265 lacteat
2528 3204 3021 3285 omnipotentiam
3059 3206 3332 3284 respectu
3355 3203 3744 3267 immutatio·
3845 3238 3848 3263 ÷

2173 3296 2270 3359 nis
2299 3302 2740 3363 creaturarum.

2254 3393 2310 3453 3.
2359 3390 2697 3466 Praeterea,
2731 3393 2938 3455 areima
2975 3390 3216 3455 Christi
3245 3392 3462 3455 habuit
3497 3392 3746 3473 plenis·
3845 3426 3848 3461 ι

2170 3483 2317 3547 sime
2343 3485 2618 3565 qratiam
2645 3485 3084 3551 miraculorum
3109 3504 3214 3549 seu
3231 3486 3568 3559 virtutum,
3595 3488 3748 3551 sicia

2173 3580 2226 3639 et
2253 3582 2504 3641 caeteras
2529 3580 2809 3660 qratiam
2835 3582 2942 3643 sed
2969 3580 3162 3641 omnis
3191 3579 3546 3643 immutatio
3575 3598 3750 3643 crea·

2172 3676 2329 3733 turoe
2335 3677 2444 3752 pot
2451 3677 2537 3733 est
2559 3676 2643 3737 acl
2657 3675 2932 3755 qratiam
2951 3674 3388 3739 miraculorum
3393 3676 3748 3755 pertinere,

2171 3784 2304 3829 cum
2335 3767 2518 3829 etia-m
2561 3767 2922 3833 miraculose
2969 3767 3234 3831 caelestia
3277 3786 3542 3843 corpora
3569 3788 3610 3833 a
3645 3788 3748 3831 suo

2171 3861 2306 3923 ordi
2311 3878 2379 3923 ne
2406 3861 2732 3925 immutata
2758 3862 3186 3941 suerint‚sicut
3211 3862 3562 3941 Dionysius
3589 3880 3750 3942 pro-

2172 3956 2269 4017 bat
2298 3957 2366 4017 in
2379 3956 2672 4035 Epistola
2701 3958 2785 4021 ad
2809 3957 3232 4038 Polycarpum
3252 3957 3296 4021 ³.
3319 3958 3498 4039 Eryo
3531 3957 3748 4019 anima

2173 4048 2410 4111 Christi
2436 4052 2646 4113 habzeit
2689 4051 3186 4131 omnipotentiam
3209 4058 3482 4133 respectu
3513 4053 3748 4114 immu-

2165 4144 2418 4207 tationis
2445 4150 2886 4209 creaturarum.

2248 4236 2376 4299 Sed
2401 4243 2611 4302 contra
2639 4244 2746 4313 est,
2779 4239 2938 4318 quod
2981 4239 3246 4320 ejusdem
3273 4244 3382 4314 est,
3410 4244 3746 4303 transmu-

2165 4334 2299 4393 tare
2327 4336 2641 4395 creaturas
2661 4380 2678 4406 ,
2715 4333 2886 4413 euJus
2937 4338 3023 4397 est
3071 4352 3174 4397 eas
3199 4352 3572 4399 conservare.
3609 4334 3750 4399 Sed

2164 4424 2270 4487 hoo
2299 4429 2385 4487 eat
2427 4424 2618 4487 solius
2666 4427 2806 4501 Dei,
2855 4430 3180 4491 seeundum
3221 4427 3388 4491 illud
3411 4427 3608 4492 Hebr.
3659 4434 3688 4491 1
3729 4448 3742 4489 :

2161 4516 2355 4581 Porta
2365 4537 2434 4581 ns
2471 4521 2672 4583 omnia
2700 4523 2872 4585 verbo
2889 4522 3142 4585 virtutis
3161 4538 3304 4587 suoe.
3337 4522 3516 4603 Eryo
3541 4522 3748 4587 solius

2160 4612 2280 4674 Dei
2305 4616 2630 4677 esthabere
2655 4616 3148 4695 omnipotentiam
3185 4621 3462 4698 respectu
3495 4616 3746 4681 immn-

2159 4707 2412 4769 tationis
2439 4714 2883 4773 creaturarum.
2915 4709 3066 4777 Non
3111 4728 3254 4793 erqo
3292 4713 3400 4777 hoe
3452 4714 3744 4777 convenit

2158 4802 2379 4863 animle
2414 4801 2670 4866 Christi.

2237 4896 2584 4975 Respondeo
2605 4897 2939 4970 dicendum,
2965 4899 3125 4977 quod
3152 4899 3251 4961 hio
3297 4898 3537 4981 duplici
3591 4900 3743 4965 dis-

502 5005 643 5049 rem
672 4988 1015 5068 requiritur
1038 4988 1234 5049 virtus
1264 5006 1403 5066 quae
1446 4987 1649 5049 valeat
1679 4987 1884 5067 ipsum
1928 5006 2070 5051 esse
2155 4991 2440 5053 tinctione
2465 4995 2550 5053 est
2580 5009 2743 5070 opus.
2783 4990 3056 5065 Quarum
3083 4992 3300 5073 prima
3327 4998 3417 5056 est
3443 5000 3738 5074 exparte

502 5081 595 5142 illi
624 5080 908 5143 conferre
939 5098 952 5141 :
984 5100 1061 5142 ex
1092 5099 1219 5161 quo
1246 5082 1316 5143 fit
1344 5085 1413 5142 ut
1438 5080 1628 5161 possit
1659 5086 1944 5145 creatura
1973 5102 2074 5145 ac·
2153 5084 2685 5147 transmutationis
2713 5090 3154 5159 ereaturarum,
3183 5103 3320 5165 quoe
3345 5087 3586 5169 triplex
3609 5093 3727 5154 est.

506 5174 715 5253 cipere
764 5174 1117 5250 scientiam,
1170 5194 1299 5236 non
1344 5175 1549 5237 solum
1594 5192 1809 5236 earum
1856 5194 2070 5238 rerum

501 5283 661 5420 guas
700 5268 1051 5347 producere
1080 5286 1209 5331 non
1241 5275 1479 5350 potest,
1514 5268 1625 5333 sed
1656 5268 1843 5332 etiam
1872 5269 2068 5349 ipsius

558 5378 635 5422 ei.

2167 5177 2311 5241 Una
2340 5178 2584 5257 quidem
2610 5180 2698 5243 est
2727 5178 3062 5253 naturalis,
3091 5195 3247 5260 qnce,
3273 5179 3532 5257 scilieet,
3565 5182 3644 5260 fit
3685 5202 3726 5246 a

2235 5366 2250 5405 ¹
2295 5366 2362 5426 C.
2392 5369 2456 5441 ὁ,
2487 5382 2615 5427 non
2646 5366 2866 5445 procul
2892 5385 2933 5432 a
2959 5366 3185 5447 princ„
3209 5372 3365 5431 tom.
3393 5370 3460 5431 Ξ.

2231 5459 2256 5497 ²
2303 5460 2444 5519 Post
2471 5457 2639 5520 med.

2235 5550 2258 5591 ³
2300 5553 2416 5615 Per
2447 5558 2640 5614 totam
2675 5553 3024 5633 epistolam.
3083 5612 3090 5617 .
