3892 6167
1500 366 1820 424 msrutu.
1853 363 2004 420 xm.
2034 363 2208 421 swr.
2237 365 2300 420 u.

306 471 517 552 rigore
548 485 681 532 non
704 466 969 549 requirit
990 467 1164 530 illam
1192 465 1737 545 significationem,
1758 464 1871 529 sed

305 564 677 644 simpliciter
704 559 1062 643 significare
1094 567 1316 640 potest,
1350 562 1661 640 accipere,
1686 579 1871 640 cape·

302 675 409 730 re,
454 662 521 720 et
567 655 653 719 ad
691 673 761 718 se
808 655 1092 732 trahere;
1132 660 1197 716 et
1238 653 1503 716 verbum
1547 671 1821 735 graecum
1850 698 1867 726 ,

302 757 645 824 ἐπιλαμόἄνω,
668 749 841 828 quod
882 747 967 810 illi
1018 748 1387 828 respondet,
1420 748 1707 810 eamdem
1756 749 1867 810 ha-

300 843 791 923 betsimplicem
823 840 1347 921 significationem
1370 887 1385 914 ,
1425 845 1489 902 et
1514 841 1599 904 ita
1634 840 1865 921 simpli·

302 935 465 1020 citer
518 938 841 1014 exponunt
884 933 1259 995 Theodoret.
1282 978 1299 1008 ,
1347 934 1567 1013 cajet„
1622 940 1685 996 et
1735 933 1863 996 alii.

300 1029 573 1106 Deinde,
602 1029 877 1090 admissa
906 1027 1013 1089 illa
1040 1027 1523 1107 ponderatione,
1554 1028 1710 1090 nihil
1752 1046 1865 1090 no-

296 1123 673 1186 bis-obstant
695 1122 806 1184 illa
832 1121 1022 1183 verba
1040 1143 1057 1197 3
1076 1121 1347 1184 fatemur
1366 1123 1535 1184 enim
1556 1123 1869 1185 Christum

296 1221 437 1278 non
462 1215 813 1278 redemisse
838 1214 1116 1294 Angelos
1135 1260 1152 1289 ,
1184 1222 1249 1277 et
1288 1215 1433 1278 ideo
1471 1233 1592 1279 nec
1620 1216 1868 1278 illorum

296 1315 604 1372 naturam
646 1307 1102 1388 assumpsisse,
1146 1325 1265 1371 nec
1299 1309 1615 1389 fugientes
1642 1327 1721 1372 ex
1748 1309 1869 1371 illis

294 1403 497 1464 fuisse
520 1403 875 1464 insecutum
906 1406 977 1462 ut
1000 1419 1112 1463 eos
1136 1403 1665 1483 apprehenderet,
1696 1410 1759 1466 et
1786 1403 1869 1465 ad

294 1513 373 1558 se
422 1501 749 1558 revocaret
777 1511 797 1572 3
845 1512 965 1556 nec
1012 1495 1205 1557 etiam
1240 1513 1356 1576 pro
1406 1495 1497 1557 eis
1548 1503 1869 1559 mortuum

288 1587 519 1662 fnisse,
540 1593 661 1649 ne‘c
684 1588 775 1648 eis
799 1586 1067 1649 similem
1091 1587 1157 1648 in
1176 1593 1403 1650 natura
1422 1593 1487 1650 et
1507 1588 1865 1652 conditione

288 1679 598 1744 eflectum
626 1697 791 1742 esse.
826 1681 961 1742 Hoc
988 1687 1203 1742 tamen
1245 1680 1335 1742 nil
1378 1680 1583 1743 obstat
1620 1682 1867 1762 quomi-

288 1791 425 1836 nus
448 1773 681 1836 sanctis
722 1772 979 1852 Angelis
1024 1773 1289 1853 gratiam
1332 1780 1397 1836 et
1441 1773 1707 1854 gloriam
1738 1793 1868 1836 me-

288 1867 521 1939 ruerit,
551 1872 621 1928 ut
646 1865 883 1928 dictum
916 1871 1034 1928 est.
1064 1865 1227 1936 Quin
1254 1866 1463 1946 potius
1492 1866 1597 1928 illa
1627 1867 1866 1947 rigoro-

290 1975 372 2020 sa
430 1957 889 2038 significatione
959 1958 1160 2034 verbi,
1221 1958 1638 2042 apprehendit,
1696 1966 1864 2022 recte

285 2051 710 2114 confirmatur
734 2051 905 2132 quod
934 2050 1172 2114 dictum
1201 2058 1329 2128 est,
1368 2052 1631 2114 Paulum
1659 2053 1747 2114 ibi
1774 2053 1865 2116 lo-

290 2145 409 2226 qui
444 2143 525 2207 de
554 2145 1049 2208 sanctificatione
1076 2164 1115 2206 a
1146 2151 1442 2226 peccato,
1467 2151 1531 2208 et
1556 2146 1699 2208 ideo
1722 2152 1864 2208 tan-

288 2244 435 2300 tum
466 2239 701 2302 habere
732 2255 1093 2302 sermonem
1127 2239 1205 2302 de
1237 2239 1633 2316 hominibus,
1676 2243 1740 2302 et
1780 2240 1860 2302 de

292 2332 679 2413 specialibus
705 2333 1031 2395 beneficiis
1050 2332 1171 2395 illis
1190 2334 1527 2408 concessis,
1550 2338 1612 2396 et
1630 2333 1711 2396 de
1740 2335 1863 2396 sin·

289 2425 503 2506 gulari
550 2427 995 2507 conjunctione
1026 2431 1091 2489 et
1125 2425 1529 2490 similitudine
1548 2471 1570 2502 ,
1600 2445 1741 2506 quoe
1768 2433 1862 2490 est

290 2519 467 2584 inter
488 2521 802 2584 Christum
828 2528 892 2584 et
918 2522 1113 2602 ipsos,
1136 2539 1263 2582 non
1284 2528 1500 2584 tamen
1527 2525 1862 2602 propterea

292 2615 575 2678 exeludit
594 2616 851 2696 propria
872 2615 1181 2678 beneficia
1202 2633 1343 2694 quai
1358 2614 1638 2679 Christus
1662 2617 1863 2696 potuit

288 2707 583 2770 conferre
606 2708 889 2789 AngeIiS,
906 2713 969 2770 et
986 2708 1067 2770 de
1088 2707 1253 2770 facto
1275 2708 1559 2782 contulit,
1578 2711 1863 2789 quamvis

290 2799 403 2862 illo
430 2801 571 2864 loco
598 2819 819 2864 eorum
850 2800 1241 2864 mentionem
1271 2819 1397 2862 non
1438 2801 1680 2876 fecerit,
1712 2802 1861 2882 quia

290 2895 377 2957 ad
402 2911 567 2971 rem,
596 2895 677 2957 de
707 2914 834 2976 qua
862 2895 1191 2971 tractabat,
1225 2914 1353 2958 non
1384 2895 1759 2976 pertinebat.

374 2989 475 3050 12.
501 2987 863 3050 Secundum
885 2988 1390 3062 fundamentum,
1413 2987 1584 3068 quod
1613 3006 1687 3051 ex
1708 3008 1858 3051 auc-

286 3082 541 3144 toritate
570 3084 822 3144 Patrum
876 3085 1197 3162 sumptum
1240 3086 1396 3158 erat,
1428 3081 1859 3145 difficultatem

284 3191 421 3235 non
452 3173 663 3251 habet,
694 3175 843 3253 quia
866 3175 999 3237 fere
1026 3181 1225 3238 totum
1251 3173 1317 3235 in
1350 3173 1719 3236 auctoritate
1749 3193 1859 3236 ne-

286 3268 503 3346 gativa
532 3267 851 3329 fundatur.
868 3265 1283 3330 Concedimus
1304 3284 1455 3347 ergo
1478 3273 1725 3328 sanctos
1744 3268 1858 3328 Pa·

286 3365 420 3422 tres
436 3360 645 3422 inillis
666 3358 821 3423 locis
844 3361 1203 3423 meminisse
1218 3360 1469 3422 illorum
1496 3359 1857 3434 effectuum,

294 3459 360 3515 et
384 3471 517 3515 non
544 3454 768 3534 hujuS,
805 3455 954 3533 quia
989 3453 1253 3517 fortasse
1280 3453 1349 3514 in
1378 3453 1543 3514 hauc
1570 3453 1859 3534 quaestio-

288 3561 445 3606 nem
472 3563 603 3608 non
639 3545 1037 3623 inciderunt,
1068 3546 1171 3609 vel
1197 3547 1261 3608 in
1300 3563 1371 3608 re
1398 3545 1593 3608 dubia
1638 3546 1859 3608 nolue-

284 3643 440 3699 runt
482 3656 663 3702 suam
708 3639 991 3720 proferre
1039 3639 1437 3702 sententiam.
1483 3637 1855 3701 Ambrosius

282 3747 461 3806 vero,
488 3733 597 3811 qui
628 3732 919 3796 nonnihil
944 3732 1197 3795 obstare
1228 3732 1409 3794 nobis
1442 3732 1707 3805 videtur,
1732 3731 1857 3812 pri-

282 3843 465 3886 mum
492 3826 855 3888 dubitanter
870 3826 1147 3906 loquitur
1168 3825 1707 3904 dicensfflortaese,
1728 3831 1847 3888 etc.

286 3917 527 3981 Deinde
552 3920 783 4000 exponi
808 3925 1019 4000 potest
1038 3920 1219 3999 juxta
1258 3937 1337 3982 ea
1372 3936 1514 3997 quoe
1563 3917 1851 3998 sequenti

284 4012 565 4074 sectione
587 4012 892 4074 dicemus.

372 4108 472 4168 13.
495 4106 591 4167 Ad
611 4107 927 4168 rationem
955 4107 1038 4169 ab
1063 4105 1651 4169 inconvenientibus
1680 4121 1853 4166 sum-

282 4205 487 4280 ptam,
522 4205 795 4282 negatur
819 4201 1026 4280 prima
1058 4200 1353 4280 sequela,
1386 4217 1535 4261 nam
1570 4197 1850 4262 Christus

281 4292 523 4355 nemini
566 4292 790 4354 clausit
824 4293 1090 4372 januam
1134 4293 1315 4372 regni
1366 4291 1695 4364 coelorum,
1735 4288 1849 4352 sed

282 4393 597 4466 quantum
627 4387 692 4447 in
720 4387 857 4466 ipso
889 4390 983 4449 est
1010 4386 1303 4448 omnibus
1322 4385 1441 4447 fuit
1462 4403 1713 4465 semper
1740 4403 1848 4464 pa·

277 4486 451 4556 tens,
476 4497 685 4560 neque
716 4479 887 4541 enim
930 4479 1149 4542 debuit
1198 4497 1315 4560 per
1342 4496 1455 4540 sua
1485 4478 1707 4540 merita
1748 4493 1849 4538 re-

279 4572 539 4635 tardare
580 4572 855 4652 aliquem
896 4572 977 4633 ab
1006 4573 1293 4651 ingressu
1324 4571 1558 4653 gloriae,
1584 4571 1684 4632 vel
1715 4587 1847 4632 sus-

280 4665 573 4744 ceptione
597 4665 840 4745 praemii
864 4666 993 4728 suis
1009 4666 1251 4728 meritis
1275 4664 1468 4726 debiti
1490 4684 1507 4738 ;
1536 4671 1601 4728 et
1628 4665 1769 4728 ideo
1796 4664 1847 4726 si

280 4759 509 4838 Angeli
532 4775 665 4820 non
693 4758 1001 4821 habentes
1029 4758 1293 4838 gratiam
1323 4775 1403 4819 ex
1430 4757 1698 4833 Christo,
1740 4756 1849 4818 ha-

278 4851 473 4914 bituri
524 4857 703 4916 erant
750 4852 1013 4934 gloriam
1067 4852 1277 4914 statim
1322 4857 1466 4930 post
1508 4852 1844 4914 terminum

280 4963 417 5007 suoe
452 4945 567 5008 viae
592 4991 609 5020 ‚
642 4951 705 5008 et
732 4945 981 5022 meriti,
1012 4945 1211 5007 multo
1264 4945 1469 5024 magis
1516 4962 1658 5006 eam
1708 4943 1848 5006 sine

278 5055 463 5100 mora
509 5039 791 5119 recipere
820 5039 1178 5101 debuerunt
1223 5043 1479 5119 propter
1514 5038 1845 5111 Christum,

281 5132 641 5212 eademque
668 5132 775 5193 lex
818 5131 1043 5194 fuisset
1074 5147 1217 5195 cum
1250 5129 1609 5193 hominibus
1638 5130 1849 5192 obser·

280 5231 453 5302 vata,
480 5226 533 5286 si
572 5225 639 5287 in
680 5230 842 5288 statu
866 5225 1124 5304 justitiae
1174 5229 1237 5286 et
1281 5223 1655 5286 innocentiae
1706 5241 1851 5304 per-

286 5319 707 5392 mansissent3
736 5327 978 5397 tamen,
1032 5319 1184 5400 quia
1228 5319 1547 5400 peccando
1585 5319 1850 5399 januam

292 5411 475 5487 regni
504 5412 770 5473 coelestis
822 5411 941 5474 sihi
986 5413 1403 5490 occluserant,
1450 5429 1591 5493 quoe
1638 5417 1855 5492 aperta

294 5499 561 5563 nonfuit
583 5497 787 5560 donec
808 5504 991 5577 plene
1009 5504 1124 5569 fnit
1146 5523 1259 5581 pro
1286 5511 1417 5568 tota
1443 5511 1693 5582 natura,
1712 5519 1853 5584 quae

615 5616 788 5664 xvm.

1950 467 2197 526 reatum
2222 460 2464 544 peccati
2488 467 2904 538 contraxerat,
2933 462 3342 545 satisfactum,
3361 468 3504 532 ideo

1951 563 2100 620 ante
2137 557 2366 618 Christi
2413 555 2754 618 adventum
2787 555 2997 618 nullus
3047 558 3374 622 hominum
3422 563 3506 624 ad

1951 650 2126 712 illam
2143 648 2597 710 beatitudinem
2618 647 3086 724 admittebatur,
3111 657 3180 713 ut
3201 651 3388 715 latius
3412 654 3508 716 in·

1951 743 2148 808 ferias
2173 761 2288 804 suo
2303 743 2452 804 loco
2471 741 2738 804 dicetur.
2763 743 3046 806 Aliorum
3077 745 3304 808 solutio
3334 755 3508 827 pate-

1949 838 2042 900 bit
2063 855 2142 900 ex
2170 837 2448 900 sectione
2475 837 2786 918 sequenti.

2588 1023 2806 1078 SECTIO
2837 1025 2900 1078 11.

1959 1153 2147 1212 Utrum
2193 1153 2437 1213 Christus
2484 1154 2786 1212 redemerit
2829 1155 3080 1230 Anqelos,
3134 1173 3236 1231 pro
3289 1155 3510 1234 ill-isque

2482 1245 2732 1297 mortuus
2774 1241 2968 1312 suerit.

2032 1409 2091 1468 l.
2121 1404 2402 1487 Ori-qem's
2432 1423 2602 1470 error
2626 1409 2694 1472 de
2711 1407 3343 1492 Awana—Duobus
3372 1431 3507 1478 mo·

1950 1495 2048 1559 dis
2076 1499 2342 1580 intelligi
2365 1502 2572 1578 potest
2586 1501 2899 1562 Christum
2922 1503 3268 1570 redemisse
3293 1510 3505 1591 Ange·-

1946 1591 2065 1669 los,
2113 1598 2175 1655 et
2218 1611 2334 1674 pro
2363 1592 2484 1655 illis
2531 1601 2800 1656 mortem
2839 1593 3098 1660 obiisse:
3135 1601 3379 1680 primo,
3425 1601 3506 1664 de

1946 1686 2380 1766 peccatoribus
2399 1687 2677 1767 Angelis,
2704 1694 2778 1749 ut
2805 1705 3027 1752 sensus
3055 1693 3165 1769 sit,
3197 1695 3509 1756 Christum

1944 1796 2063 1860 per
2077 1797 2192 1841 sua
2217 1780 2438 1842 merita
2462 1785 2524 1842 et
2547 1781 3035 1846 satisfactionem
3055 1783 3353 1851 liberasse
3371 1806 3504 1862 ece,

1944 1872 2046 1933 vel
2073 1872 2412 1952 aliquando
2437 1873 2572 1936 fore
2601 1874 3010 1938 liberaturum
3041 1879 3122 1940 ab
3151 1899 3226 1942 eo
3255 1887 3418 1943 statu
3443 1880 3508 1942 in

1944 1983 2136 2045 quem
2167 1983 2279 2046 per
2315 1983 2430 2028 sua
2479 1971 2738 2046 peccata
2767 1969 3138 2034 inciderunt.
3187 1974 3500 2052 Secundo,

1945 2058 2026 2122 de
2052 2060 2302 2139 Angelis
2331 2061 2586 2137 sanctis,
2613 2068 2704 2137 ut,
2739 2062 2996 2138 scilicet,
3027 2064 3304 2128 Christus
3337 2067 3502 2130 dica·

1942 2159 2048 2214 tur
2076 2170 2186 2214 eos
2213 2153 2579 2227 redemisse,
2613 2154 2760 2234 quia
2791 2173 2908 2235 per
2935 2175 3050 2218 sua
3079 2158 3302 2219 merita
3329 2177 3438 2220 eos
3468 2179 3505 2223 a

1942 2245 2218 2326 peccatis
2249 2247 2666 2326 praeservavit.
2712 2247 2908 2309 Priori
2935 2249 3123 2310 modo
3151 2249 3378 2313 dicitur
3405 2269 3506 2314 er-

1942 2357 2120 2402 rasse
2150 2339 2508 2420 origenem,
2538 2340 2712 2400 hom.
2744 2342 2775 2401 1
2809 2341 2872 2402 in
2920 2342 3131 2413 Joan.,
3184 2349 3328 2424 post
3373 2363 3504 2407 me-

1942 2431 2144 2510 dium,
2170 2432 2333 2494 circa
2359 2431 2556 2493 illud:
2587 2434 2673 2495 In
2709 2434 3018 2514 principio
3055 2441 3190 2498 erat
3232 2437 3500 2502 Verbum.

1942 2525 2183 2589 Clarius
2220 2543 2370 2587 vero
2409 2525 2532 2586 hoc
2557 2525 2763 2600 docet,
2801 2525 2973 2588 hom.
3019 2529 3044 2588 4
3089 2527 3154 2588 in
3189 2530 3408 2604 Levit.,
3441 2535 3506 2593 et

1942 2619 2117 2680 hom.
2149 2620 2228 2680 24
2252 2618 2318 2679 in
2343 2619 2670 2680 Numeros.
2699 2619 2978 2698 Ejusque
3005 2621 3384 2683 sententiam
3408 2623 3503 2685 vi-

1944 2711 2132 2774 detur
2151 2729 2488 2792 usurpasse
2502 2711 2948 2791 HieronymuS,
2972 2730 3161 2792 super
3177 2715 3260 2776 ad
3271 2717 3498 2795 Ephes.

1946 2808 2006 2882 l,
2034 2805 2141 2866 ubi
2169 2805 2428 2884 inquirit
2455 2821 2569 2866 cur
2593 2804 2839 2884 Angeli,
2868 2806 2977 2884 qui
3006 2823 3330 2884 nunquam
3359 2825 3506 2888 pec-

1943 2905 2268 2972 caverunt,
2304 2897 2590 2960 dicantur
2614 2897 2836 2978 subjici
2863 2897 3132 2978 pedibus
3165 2901 3412 2978 Christi,
3442 2908 3504 2964 et

1941 2992 2028 3052 ait
2060 3008 2075 3052 ε
2099 2993 2310 3055 Potest
2333 2991 2568 3072 quidem
2593 2991 2940 3073 responderi
2964 2995 3124 3074 quod
3141 2994 3270 3057 sino
3293 3013 3504 3074 pecca-

1939 3089 1998 3147 to
2023 3083 2236 3148 nullus
2263 3084 2369 3161 sit,
2399 3083 2556 3147 unde
2573 3089 2630 3148 ot
2652 3101 2808 3148 orum
2829 3082 3206 3160 Salvatoris,
3231 3105 3350 3149 non
3371 3096 3502 3152 tan-

1940 3183 2068 3241 tum
2090 3195 2160 3241 ea
2181 3195 2316 3259 quoe
2341 3179 2411 3239 in
2439 3182 2629 3250 terra,
2651 3179 2760 3240 sed
2793 3177 2977 3241 etiam
3001 3195 3072 3242 ea
3094 3197 3227 3260 quoe
3247 3182 3317 3242 in
3339 3181 3506 3244 calis

1940 3276 2133 3346 erant,
2183 3285 2485 3350 pur-qaue
2531 3269 2903 3348 perhibetur.
2965 3269 3112 3343 Quae
3165 3273 3356 3334 verba
3399 3291 3503 3336 ex·

1941 3362 2092 3443 poni
2120 3369 2374 3443 possent
2396 3361 2574 3442 juxta
2603 3362 2799 3423 alium
2828 3379 3087 3424 sensum
3113 3364 3192 3426 de
3237 3383 3501 3444 praeser-

1940 3455 2213 3528 vatione,
2243 3454 2392 3532 quia
2417 3453 2594 3516 nulla
2639 3460 2930 3516 creatura
2975 3473 3052 3516 ex
3095 3473 3164 3518 se
3193 3457 3502 3536 impecca-

1938 3548 2084 3610 bilis
2127 3553 2248 3621 θεῖ,
2291 3553 2354 3610 et
2395 3546 2540 3608 ideo
2581 3546 2702 3608 dici
2744 3553 3009 3628 possunt
3035 3548 3264 3629 Angeli
3299 3551 3502 3614 sancti

1937 3661 2054 3722 per
2103 3641 2416 3703 Christum
2469 3639 2785 3720 accepisse
2804 3685 2820 3714 ,
2868 3645 2940 3701 ut
2987 3647 3313 3720 peccatum
3365 3661 3494 3705 non

1936 3734 2425 3809 committerent,
2459 3751 2586 3812 quo
2617 3733 2914 3796 dicuntur
2939 3733 3195 3795 omnino
3229 3753 3359 3797 non
3389 3754 3500 3797 ca-

1934 3829 2157 3901 ruisse,
2178 3827 2325 3908 quia
2354 3825 2510 3888 illud
2537 3826 2774 3889 hahere
2801 3830 3174 3906 potuerunt3
3201 3828 3302 3890 vel
3327 3836 3498 3893 certe

1934 3921 2164 4002 exponi
2215 3925 2473 4001 possent
2515 3919 2695 3999 juxta
2739 3937 2816 3980 ea
2864 3937 3002 3998 quai
3041 3937 3232 3999 super
3279 3939 3419 4001 cap.
3453 3925 3494 3984 2

1934 4014 2172 4091 scribit,
2215 4014 2382 4076 circa
2436 4011 2544 4074 illa
2587 4012 2778 4074 verba
2828 4032 2846 4073 ε
2898 4011 3017 4087 Qui
3041 4013 3192 4089 fecit
3233 4021 3492 4096 utraque

1930 4123 2142 4184 unm,
2163 4107 2404 4182 dicens,
2429 4104 2744 4170 christum
2760 4122 2972 4186 pacem
2995 4107 3277 4170 attulisse
3293 4109 3496 4172 coeles-

1931 4201 2114 4276 tibur,
2153 4206 2212 4265 et
2239 4199 2520 4270 terrenis,
2549 4197 2700 4278 quia
2727 4197 2797 4259 in
2826 4213 2935 4260 suo
2957 4198 3252 4280 sananim
3277 4199 3486 4264 coles-

1930 4297 2022 4360 tia
2044 4299 2101 4359 et
2129 4293 2446 4357 terrestria
2473 4291 2798 4372 copulavit,
2829 4308 2960 4372 qoeoe
3001 4293 3162 4355 inter
3201 4309 3266 4356 se
3299 4295 3486 4358 ‹tissi-

1928 4389 2164 4464 debant,
2195 4391 2372 4468 atquo
2409 4386 2503 4450 ita
2526 4387 2762 4462 factum
2801 4402 2928 4448 esse
2963 4390 3034 4449 ut
3061 4403 3216 4450 orum
3245 4386 3488 4452 Carisa·

1925 4499 2046 4544 non
2069 4480 2264 4544 solum
2294 4483 2498 4555 terroe,
2516 4479 2622 4543 sed
2643 4479 2830 4542 etiam
2858 4478 3021 4552 cerlo,
3045 4495 3154 4542 nee
3175 4479 3367 4543 solum
3388 4481 3488 4545 ko-

1926 4574 2214 4650 miuibus,
2244 4573 2349 4636 sed
2367 4572 2548 4636 etiam
2565 4567 2818 4650 Amyclis
2840 4571 3171 4650 profuerit,
3196 4578 3375 4656 atque
3394 4578 3490 4638 ita

1930 4667 2125 4729 omnis
2153 4670 2432 4729 creatura
2450 4663 2704 4726 Domini
2728 4663 2832 4726 sui
2855 4680 3068 4728 eruore
3078 4671 3350 4749 purgata
3375 4669 3484 4732 sit.

1929 4753 2419 4832 Verumtamen,
2465 4773 2605 4836 quae
2638 4755 2807 4818 idem
2857 4752 3303 4838 Hieronymus,
3329 4777 3388 4821 c.
3421 4765 3486 4837 Δ,

1931 4851 2147 4914 scribit
2166 4894 2189 4927 ,
2235 4866 2560 4930 exponens
2595 4849 2702 4910 illa
2747 4849 2936 4911 verba
2969 4870 2984 4909 t
3018 4849 3130 4912 Ea>
3159 4869 3274 4933 quo
3299 4857 3492 4916 totum

1931 4961 2172 5026 corpus,
2221 4947 2366 5017 etc„
2398 4959 2528 5004 non
2574 4942 2868 5005 videntur
2908 4942 3040 5022 pati
3087 4961 3276 5023 posse
3329 4946 3492 5008 hanc

1932 5037 2421 5118 expositionem;
2455 5035 2602 5098 dicit
2629 5037 2800 5100 enim
2829 5035 3142 5100 emtum
3165 5040 3395 5103 venisse
3417 5046 3494 5105 ut

1930 5137 2120 5196 totum
2148 5147 2366 5210 corpus
2384 5129 2687 5194 Ecclesiae
2712 5135 2980 5194 sanaret.
3001 5128 3180 5202 Quod
3203 5131 3365 5193 infra
3387 5149 3494 5194 ex·

1928 5225 2172 5306 plicans
2192 5269 2209 5298 ‚
2257 5224 2344 5286 ita
2373 5222 2522 5284 dicit
2549 5239 2568 5284 t
2610 5222 2692 5286 Ut
2715 5222 2990 5302 Anyelus
3016 5225 3242 5306 refuga
3275 5225 3347 5288 id
3369 5241 3494 5288 esse

1930 5317 2216 5399 incipiat,
2246 5318 2402 5399 quod
2425 5321 2664 5380 creatus
2690 5322 2808 5390 em
2832 5321 2890 5379 et
2917 5316 3106 5391 homo,
3133 5317 3242 5397 qui
3273 5317 3344 5380 de
3363 5318 3494 5381 Pa-

1933 5411 2144 5475 radiso
2169 5414 2380 5489 fuerat
2407 5412 2647 5492 ejectus,
2673 5411 2758 5474 ad
2781 5410 3084 5473 maturam
3119 5411 3344 5474 iterum
3363 5411 3498 5472 Pa-

1934 5503 2139 5568 radia·
2189 5505 2560 5570 restituatur
2576 5527 2603 5576 ;
2649 5503 2778 5567 ista
2827 5506 3028 5566 autem
3067 5501 3359 5568 adversa
3403 5501 3496 5565 sic

3096 5605 3176 5666 25
