3892 6167
620 399 739 460 518

1834 397 2072 462 QUAEST.
2106 399 2279 452 ΧΧΙΠ.
2316 399 2516 455 Atrrlc.
2554 401 2635 455 IV.

621 503 708 566 tia
751 521 876 564 non
929 509 1024 564 est
1050 509 1180 565 tam
1212 502 1381 565 clara
1404 549 1418 578 ,
1453 507 1522 563 ut
1553 519 1629 563 ex
1663 501 1983 586 principiis
2014 503 2198 565 certis
2278 509 2503 566 natura
2529 510 2797 581 tantum,
2831 503 3187 585 adoptanda
3219 509 3313 566 est
3342 509 3405 566 ut
3432 513 3708 587 naturatum

623 597 946 660 evidenter
981 597 1324 672 inferatur,
1360 593 1500 657 ideo
1541 613 1669 656 non
1706 597 2044 658 damnatur
2086 595 2194 658 illa
2276 600 2346 658 ut
2386 615 2691 680 persona3
2734 615 2885 679 ergo
2933 597 3327 661 conditiones
3372 600 3649 680 adoptionis
3674 611 3708 671 in

621 693 966 774 propositio
1009 698 1080 753 ut
1109 691 1397 752 haeretica
1439 690 1539 750 vel
1584 707 1878 765 erronea;
1913 691 2195 774 rejicitur
2274 689 2378 753 illa
2409 692 2677 754 inveniri
2706 693 2941 756 debent
2968 695 3037 754 nt
3068 693 3137 754 in
3173 699 3403 754 natura
3415 719 3441 768 ;
3468 714 3571 757 non
3600 707 3649 762 nt
3676 703 3709 764 in

621 789 838 848 tamen
866 793 934 848 ut
960 783 1387 867 improbabilis
1415 783 1667 864 (praeter
1694 804 1917 848 causas
1956 787 2189 865 dictas)

624 881 774 960 quia
802 881 1132 962 principia,
1163 898 1237 941 ex
1263 879 1492 960 quibus
1517 878 1621 940 illa
1650 881 2070 962 repugnantia
2094 881 2191 942 in-

622 975 843 1050 fertur,
875 973 977 1038 vel
1008 978 1153 1036 sunt
1181 991 1296 1054 per
1324 991 1391 1036 se
1423 973 1574 1035 satis
1603 975 1961 1050 manifesta,
1986 975 2035 1035 si
2066 975 2189 1037 sint

623 1067 1081 1152 philosophica,
1104 1069 1230 1144 vel,
1270 1067 1320 1128 si
1346 1067 1468 1129 sint
1493 1065 1897 1148 Theologica,
1930 1075 2075 1130 sunt
2102 1067 2187 1129 ita

623 1169 818 1238 certa,
852 1169 920 1226 ut
950 1182 1077 1224 non
1120 1161 1362 1244 possint
1390 1162 1522 1224 sine
1555 1164 1910 1226 temeritate
1938 1161 2183 1244 negari,

620 1261 690 1320 ut
747 1276 824 1322 ex
874 1257 1222 1320 rationibus
1258 1257 1535 1320 sectione
1571 1257 1965 1338 praecedente
2007 1257 2187 1320 tactis

621 1352 772 1413 satis
803 1357 1068 1416 constat.

700 1449 804 1510 42.
851 1445 1214 1512 Rationibus
1241 1445 1556 1510 dubitandi
1583 1447 1833 1528 satisfit.
1855 1481 1936 1494 --
1967 1445 2065 1510 Ad
2091 1465 2188 1510 ra-

619 1543 824 1604 tiones
877 1539 1209 1602 dubitandi
1246 1541 1312 1601 in
1337 1540 1639 1620 principio
1671 1541 2021 1624 propositas
2054 1541 2186 1604 fere

619 1635 683 1698 in
709 1635 1135 1716 superioribus
1160 1651 1532 1716 responsum
1560 1641 1676 1708 est,
1709 1653 1856 1696 nam
1876 1633 2003 1696 duo
2024 1636 2188 1716 prio—

620 1747 692 1794 ra
723 1735 1094 1810 argumenta
1125 1728 1472 1810 procedunt
1508 1748 1582 1791 ex
1612 1729 1886 1810 quadam
1913 1731 2189 1811 aequivo-

621 1822 895 1899 catione,
913 1841 1052 1905 quae
1069 1821 1224 1885 latet
1249 1823 1311 1884 in
1334 1823 1436 1885 illa
1457 1821 1788 1906 particula,
1807 1824 1874 1887 in
1891 1830 2189 1910 quantum

619 1917 814 1993 homo,
845 1917 945 1980 vel
969 1919 1289 1982 secundum
1319 1917 1775 1994 humanitatem,
1800 1937 1965 2000 qua2,
1994 1923 2061 1980 ut
2090 1917 2189 1980 di-

620 2011 850 2088 ximus,
897 2012 1060 2074 sumi
1103 2015 1330 2092 potest,
1363 2011 1462 2074 vel
1507 2009 1856 2074 formaliter
1910 2011 1991 2073 ad
2028 2011 2187 2073 desi-

617 2105 936 2188 gnandam
967 2111 1295 2184 naturam,
1315 2105 1418 2168 vel
1461 2123 1537 2166 ex
1563 2111 1740 2186 parte
1771 2105 2077 2188 suppositi
2106 2105 2188 2167 ad

619 2199 1079 2280 designandum
1125 2199 1518 2282 suppositum
1558 2199 1694 2261 talis
1725 2206 2001 2278 naturae,
2033 2217 2189 2280 qua-

618 2300 806 2356 tenus
833 2293 1038 2356 eidem
1065 2301 1305 2358 naturae
1331 2295 1737 2376 conjunctum
1769 2300 1893 2368 est;
1921 2297 1988 2356 in
2015 2294 2189 2356 testi-

616 2387 845 2450 moniis
893 2395 1108 2452 autem
1157 2386 1444 2450 adductis
1496 2407 1624 2450 non
1672 2388 1941 2450 sumitur
1994 2387 2187 2470 priori

616 2479 830 2556 modo,
865 2480 978 2544 sed
1013 2483 1134 2545 hoc
1169 2481 1523 2562 posteriori,
1553 2483 1623 2543 ut
1651 2501 1726 2543 ex
1753 2480 1941 2543 variis
1967 2487 2185 2543 aucto-

613 2575 812 2648 ribuS,
835 2581 898 2638 et
920 2594 999 2640 ex
1025 2575 1232 2638 verbis
1256 2575 1456 2657 ipsius
1478 2575 1730 2638 Concilii
1754 2586 1817 2637 et
1837 2573 2187 2637 rationibus

618 2667 1030 2730 ostendimus.
1059 2669 1336 2734 Tertium
1363 2687 1514 2730 vero
1542 2675 1988 2750 argumentum
2016 2671 2187 2729 recte

609 2763 948 2838 concludit,
973 2780 1050 2824 ex
1071 2763 1387 2826 sententia
1409 2763 1683 2824 Durandi
1707 2782 1893 2846 posse
1923 2761 2182 2824 tandem

615 2855 842 2918 deduci
894 2874 1172 2920 errorem
1226 2857 1743 2938 distinguentium
1773 2874 2078 2940 personas
2114 2855 2185 2916 in

615 2949 882 3022 Christo;
900 2957 1136 3030 tamen,
1162 2951 1307 3030 quia
1337 2949 1471 3012 haec
1499 2949 1792 3012 deductio
1819 2969 1949 3013 non
1974 2955 2069 3012 est
2099 2949 2187 3012 ita

623 3043 878 3104 evidens
903 3045 1056 3124 quin
1093 3045 1393 3107 fundetur
1423 3047 1486 3106 in
1525 3045 1838 3126 aliquibus
1865 3045 2185 3128 principiis

617 3157 748 3201 non
779 3137 1038 3200 omnino
1072 3139 1258 3202 certis
1286 3146 1395 3201 aut
1430 3139 1848 3218 evidentibuS,
1880 3139 2023 3202 ideo
2056 3155 2183 3200 non

621 3233 958 3296 damnatur
1005 3232 1114 3296 illa
1164 3233 1375 3318 opinio
1416 3240 1484 3298 ut
1529 3234 1839 3310 haeretica,
1873 3232 1972 3296 vel
2017 3251 2183 3296 erro-

613 3344 758 3390 nea.

1229 3473 1448 3526 SECTlss
1479 3474 1565 3528 w.

695 3609 882 3670 Utrum
906 3607 1112 3670 Christi
1137 3611 1454 3676 humanitas
1475 3616 1654 3690 possit
1681 3614 1797 3672 dici
1824 3613 2105 3690 adoptata.

695 3801 754 3860 1.
799 3796 1111 3862 Doctrina,-
1149 3797 1860 3878 sories.—Dz'ffioultatis
1890 3818 2183 3864 causa.—

614 3892 930 3954 Hactenus
955 3889 1226 3954 diximus
1256 3889 1334 3954 de
1368 3891 1631 3972 ChristO,
1661 3899 1790 3954 tam
1819 3893 2183 3976 simpliciter

609 3993 885 4068 sumpto,
913 4003 1103 4066 quam
1129 4005 1270 4048 cum
1293 3985 1840 4063 determinatione,
1862 3989 2179 4053 secundum

609 4085 1050 4148 humanitatem
1068 4109 1094 4156 ;
1143 4101 1312 4144 nunc
1363 4083 1706 4146 dicendum
1763 4091 2053 4165 superest
2102 4083 2179 4146 de

611 4177 999 4241 humanitate
1021 4177 1196 4254 ipsa;
1219 4195 1394 4254 nam,
1417 4177 1561 4240 licet
1587 4179 1784 4260 aliqui
1801 4179 1967 4242 hanc
1986 4198 2181 4262 quaes-

611 4268 852 4333 tionem
878 4269 1267 4332 confundant
1307 4289 1450 4332 cum
1491 4271 1689 4334 altera
1721 4272 1798 4334 de
1829 4273 2069 4336 Christo
2114 4277 2181 4334 ut

613 4362 892 4438 homine,
925 4367 1138 4424 tamen
1176 4381 1400 4424 revera
1431 4370 1526 4426 est
1557 4363 1802 4428 diversa
1827 4411 1843 4442 ,
1878 4365 2036 4428 sicut
2064 4365 2178 4426 hu-

613 4456 886 4519 manitas
915 4457 1049 4536 ipsa
1077 4457 1232 4536 quid
1261 4457 1622 4522 distinctum
1655 4466 1748 4524 est
1776 4478 1814 4522 a
1840 4461 2081 4523 Christo
2112 4466 2178 4523 ut

610 4551 902 4626 homine,
934 4569 1052 4614 nec
1089 4551 1321 4616 decisio
1351 4555 1539 4614 unius
1571 4572 1649 4615 ex
1680 4553 1877 4616 altera
1903 4555 2179 4618 formali·

613 4651 708 4707 ter
738 4645 1046 4726 sequitur,
1079 4651 1148 4708 ut
1177 4645 1242 4706 in
1274 4653 1425 4708 sect.
1455 4653 1494 4708 2
1526 4653 1759 4710 tactum
1791 4655 1908 4711 est.
1937 4649 2179 4730 Estigi·

609 4744 712 4805 tur
740 4738 841 4800 hic
875 4738 1162 4820 specialis
1195 4741 1353 4801 ratio
1384 4740 1734 4818 dubitandi,
1765 4743 1914 4821 quia
1958 4743 2178 4804 huma-

609 4835 776 4897 nitas
817 4840 913 4896 est
950 4841 1174 4898 natura
1222 4841 1515 4896 extranea
1546 4843 1834 4916 respectu
1860 4837 2083 4914 Verbi,
2118 4843 2177 4900 et

613 4945 690 4988 ex
717 4926 850 4990 sola
893 4927 1005 4988 Dei
1035 4927 1368 4990 dilectione
1399 4932 1461 4990 et
1488 4929 1860 4995 liberalitate
1889 4931 2177 4996 ordinata

613 5025 730 5094 est,
762 5025 834 5080 ut
864 5019 1070 5082 Verbo
1103 5023 1626 5102 conjungeretur;
1662 5042 1871 5103 neque
1902 5025 2071 5086 enim
2100 5043 2176 5088 ea

609 5113 814 5194 gratia
842 5113 970 5177 ullo
1016 5116 1204 5181 modo
1250 5117 1310 5178 ei
1359 5115 1569 5178 debita
1599 5125 1767 5193 erat,
1797 5116 1966 5180 unde
2002 5117 2175 5198 prius

613 5207 802 5268 etiam
831 5213 1058 5268 natura
1081 5209 1306 5284 extitit,
1335 5227 1525 5288 quam
1558 5209 1614 5272 ei
1638 5211 1777 5274 talis
1801 5212 2003 5294 gratia
2027 5230 2175 5276 con-

610 5301 912 5375 ferretur;
943 5319 1094 5380 ergo
1133 5301 1496 5380 hujusmodi
1527 5305 1726 5384 gratia
1755 5305 1857 5368 vel
1883 5315 2176 5388 accepta-

613 5396 702 5457 tio
727 5393 809 5461 ad
835 5395 1004 5460 illam
1029 5415 1250 5461 revera
1277 5397 1467 5465 hahet
1491 5400 1800 5462 rationem
1826 5399 2175 5482 adoptionis

614 5497 900 5568 respectu
923 5491 1352 5559 humanitatis,
1375 5491 1678 5561 Probatur
1697 5497 2171 5580 consequentia,

617 5583 788 5660 quia,
839 5602 979 5644 cum
1015 5585 1374 5647 humanitas
1426 5605 1552 5648 non
1607 5589 1682 5650 sit
1719 5607 2018 5672 persona,
2065 5591 2173 5653 sed

2272 803 2542 865 persona
2561 810 2579 863 3
2620 805 2771 870 ergo
2802 788 2953 849 satis
2988 786 3286 866 estquod
3322 787 3397 848 sit
3422 797 3663 871 extranea,
3680 807 3711 858 et

2268 879 2702 960 praeexistenS,
2734 889 2795 944 et
2825 881 3018 962 gratis
3039 881 3294 956 dilecta,
3328 889 3393 942 ut
3420 890 3499 944 est
3524 889 3711 963 quaedam

2270 980 2516 1036 natura.
2541 975 2617 1038 Et
2645 975 3051 1038 confirmatur
3077 977 3434 1038 testimonio
3460 979 3641 1049 Hilarii,
3654 983 3711 1046 tt

2270 1065 2349 1129 de
2378 1069 2549 1130 Trin.
2574 1116 2590 1146 ,
2623 1073 2764 1151 post
2802 1069 3079 1131 medium
3095 1116 3116 1148 ,
3150 1069 3416 1132 dicentis
3444 1091 3461 1130 t
3486 1073 3713 1138 Potestotis

2269 1163 2542 1244 diqnitas
2575 1184 2691 1228 non
2719 1165 3065 1244 amittitur,
3104 1165 3250 1229 dum
3280 1165 3477 1229 carnit
3500 1167 3715 1232 humilitas

2269 1258 2637 1342 adoptatum
2684 1266 2746 1322 et
2800 1259 2978 1322 Marii
3032 1259 3379 1335 Victorini,
3428 1259 3467 1321 l.
3516 1263 3540 1324 1
3582 1271 3714 1324 conta

2270 1353 2509 1428 Arium,
2537 1353 2665 1432 uhi,
2692 1360 2968 1416 tractans
2990 1355 3183 1416 verba
3207 1353 3479 1426 Marthae,
3498 1355 3635 1417 Joan.
3654 1361 3711 1420 ll:

2272 1448 2565 1524 Quoniam
2609 1453 2677 1514 tu
2726 1467 2786 1512 es
2840 1447 3139 1528 Christus,
3170 1449 3390 1512 Filius
3438 1449 3555 1520 Dei
3578 1451 3651 1530 qui
3680 1453 3713 1512 iu

2272 1541 2428 1604 huno
2479 1545 2765 1608 mundum
2812 1545 3061 1612 venuti
3110 1545 3255 1606 ait:
3306 1543 3449 1610 Noa
3484 1543 3559 1606 sic
3592 1543 3716 1609 Prin

2268 1639 2755 1720 quemadmodum
2800 1658 2949 1716 noe;
2976 1657 3085 1704 nos
3126 1639 3288 1705 enim
3330 1638 3603 1726 adoptione
3627 1641 3713 1716 filii

2272 1729 2376 1791 illa
2404 1737 2675 1804 natura;
2711 1733 2891 1798 etiam
2920 1733 3181 1816 quadam
3212 1733 3515 1818 adoptione
3530 1733 3653 1810 fitius
3671 1746 3715 1795 a

2275 1821 2587 1904 Christus,
2618 1829 2723 1890 sed
2759 1827 3073 1891 secundum
3108 1844 3395 1900 cantem,-
3420 1825 3563 1906 quod
3594 1833 3715 1906 potest

2270 1922 2436 1980 recto
2461 1919 2724 1999 intelligi
2750 1919 2831 1984 de
2858 1919 3249 2002 adoptione
3230 1920 3427 2002 ipsius
3463 1920 3635 1995 carnis,
3654 1939 3713 1981 seu

2270 2013 2698 2077 humanitatis
2744 2017 2813 2078 In
2856 2016 3243 2078 contrarium
3284 2017 3485 2080 autem
3515 2021 3601 2084 est,
3634 2017 3713 2094 qnia

2272 2109 2321 2169 si
2370 2109 2728 2172 humanitas
2764 2116 2931 2172 esset
2977 2109 3281 2190 adoptata
3305 2156 3320 2182 ‚
3365 2109 3533 2170 etiam
3568 2111 3712 2172 ratione

2269 2203 2434 2264 illins
2462 2203 2740 2265 Christus
2766 2204 2889 2266 dici
2922 2205 3125 2286 potuit
3152 2203 3501 2286 adoptatus,
3518 2209 3711 2282 tanquam

2269 2297 2333 2358 in
2364 2306 2589 2361 natura
2616 2297 2913 2380 adoptata
2942 2298 3321 2362 subsistens

2348 2395 2407 2453 2.
2455 2391 2822 2476 Aliquorum
2869 2391 3091 2475 opinio·
3120 2425 3205 2440 -
3242 2394 3316 2454 In
3350 2393 3465 2453 hac
3507 2410 3561 2454 re
3596 2391 3711 2452 Theo·

2267 2485 2419 2568 logi,
2452 2488 2559 2566 qui
2593 2485 2970 2564 existimant,
3004 2485 3379 2550 relationem
3410 2491 3509 2548 aut
3538 2485 3713 2546 denomi-

2268 2581 2593 2642 nationem
2636 2579 2745 2642 iilii
2787 2599 2915 2642 non
2949 2600 3085 2642 esse
3118 2579 3445 2664 propriam
3494 2578 3707 2660 supposit‘,

2271 2673 2383 2735 sed
2412 2693 2596 2754 posse
2644 2675 2833 2736 etiam
2889 2681 3131 2736 naturae
3188 2673 3532 2746 convenire,
3559 2671 3707 2750 quantit

2265 2769 2369 2830 illa
2398 2769 2647 2830 realiter
2671 2767 2988 2849 praecedit,
3020 2769 3120 2831 vel
3138 2769 3560 2840 sanctificatur,
3580 2765 3710 2848 proha·

2264 2863 2391 2925 hile
2431 2863 2813 2940 existimant,
2842 2860 3308 2925 humanitatem
3338 2861 3539 2924 Christi
3562 2877 3711 2920 nonsa-

2266 2957 2396 3018 lum
2432 2955 2815 3036 adoptatam,
2853 2957 2965 3018 sed
2996 2958 3187 3017 etiam
3246 2955 3431 3016 filiam
3471 2953 3711 3033 adoptivam

2266 3049 2378 3112 Dei
2411 3049 2802 3111 denominari
2834 3069 3013 3130 posse
3040 3070 3056 3129 ;
3092 3057 3154 3111 et
3184 3049 3289 3112 hic
3334 3049 3535 3112 modus
3560 3044 3713 3107 dicendi

2264 3149 2470 3226 potest
2516 3145 2676 3206 sumi
2708 3163 2784 3206 ex
2832 3146 3040 3222 Scoto,
3070 3143 3137 3206 in
3192 3147 3253 3220 3,
3292 3144 3354 3206 d.
3396 3147 3465 3206 10
3494 3193 3505 3217 ,
3534 3139 3712 3221 quamn}

2264 3259 2393 3302 non
2424 3239 2589 3301 clarc
2626 3239 2798 3300 illum
2832 3239 3077 3316 doceat,
3112 3257 3234 3300 nec
3283 3237 3622 3308 definiendo,
3654 3231 3713 3293 sei

2266 3341 2337 3395 ut
2364 3333 2752 3416 probabilem
2794 3339 3056 3394 tantum.
3092 3333 3216 3394 Alii
3259 3351 3428 3408 vero,
3456 3331 3545 3410 qui
3576 3327 3711 3389 melius

2262 3429 2541 3492 sentiunt
2579 3428 2949 3491 relationem
2993 3434 3053 3490 et
3082 3445 3317 3490 nomen
3368 3425 3468 3488 filii
3504 3421 3711 3506 supposito

2260 3525 2505 3590 tantum
2540 3530 2602 3587 et
2649 3542 2776 3585 non
2818 3528 3060 3585 naturae
3099 3519 3379 3598 attribui,
3413 3525 3606 3599 negant
3637 3514 3710 3594 qai-

2262 3615 2409 3680 dem
2456 3617 2915 3680 humanitatem
2972 3634 3110 3678 esse
3164 3613 3362 3678 filiam
3418 3613 3710 3692 adoptivam

2264 3711 2525 3792 qnidam
2556 3731 2705 3774 vero
2753 3730 2969 3773 eorum
3012 3711 3373 3773 concedunt
3422 3703 3711 3770 nihilominus

2264 3805 2721 3868 humanitatem
2749 3823 2887 3868 esse
2922 3805 3313 3886 adoptatam,
3345 3801 3481 3884 quia
3510 3819 3569 3861 ex
3592 3793 3711 3876 grafia

2263 3902 2376 3964 Dei
2401 3896 2819 3982 praeordinata
2847 3903 2941 3962 est
2965 3899 3047 3962 ad
3067 3899 3573 3982 participationem
3594 3893 3710 3952 horc-

2264 3994 2470 4058 ditatis
2524 3999 2794 4058 aeternae.
2826 3995 3030 4076 Atque
3067 3992 3153 4056 ita
3206 3994 3524 4074 opinantur
3551 3981 3709 4048 Gabriel

2264 4095 2327 4150 et
2370 4089 2665 4163 Almain.,
2698 4087 2762 4150 in
2792 4089 2853 4164 3,
2888 4087 2947 4150 d.
2983 4089 3081 4162 10,
3109 4087 3223 4150 ubi
3250 4085 3463 4166 Major,
3485 4083 3613 4144 idem
3628 4093 3709 4136 sen-

2261 4183 2443 4256 tienS,
2466 4179 2638 4246 addit
2696 4181 2959 4243 concedi
3010 4199 3199 4261 posse
3246 4179 3533 4244 Christum
3557 4173 3705 4234 hahere

2262 4275 2663 4356 adoptionem
2686 4275 3033 4337 secundum
3054 4267 3706 4350 humanitatem,quiaper

2261 4359 2381 4442 hoc
2407 4367 2561 4430 nihil
2582 4367 2754 4432 aliud
2782 4369 3190 4450 significatur,
3218 4386 3403 4451 quam
3432 4362 3569 4448 quod
3590 4357 3702 4422 habe!

2260 4463 2721 4526 humanitatem
2774 4463 3159 4544 adoptatam.
3200 4461 3479 4524 Nonnulli
3527 4471 3631 4516 vero
3660 4462 3702 4506 ΡΙ

2254 4557 2614 4640 junioribus
2691 4556 3046 4619 existimant
3094 4556 3267 4617 illam
3332 4549 3698 4638 propositionem

2260 4667 2386 4712 non
2412 4651 2613 4714 solum
2648 4647 2871 4714 falsam
2899 4669 3061 4726 esse,
3094 4649 3205 4712 sed
3228 4650 3411 4710 etiam
3432 4641 3695 4706 haereticam.

2260 4745 2407 4824 quia
2453 4763 2530 4806 ex
2558 4743 2665 4806 illa
2693 4745 2972 4824 sequitur
3000 4743 3335 4816 Christum,
3364 4747 3426 4802 nt
3460 4735 3693 4800 hominem,
3757 4743 3758 4798 3

2262 4857 2399 4900 esse
2426 4837 2621 4902 filium
2662 4837 3046 4920 adoptivum,
3065 4837 3314 4918 quodin
3332 4831 3563 4900 Concilio
3583 4825 3697 4887 Fran·

2260 4933 2496 4995 coford.
2554 4939 2776 5017 putant
2825 4951 2965 4996 esse
3009 4929 3407 5006 damnatum,
3440 4935 3492 4988 et
3534 4922 3633 5002 quia
3658 4915 3697 4972 in
3757 4969 3758 5014 ἶ

2260 5027 2483 5090 eodem
2515 5027 2789 5090 Concilio
2840 5045 3132 5108 expresse
3162 5025 3225 5091 id
3256 5029 3516 5109 negatur,
3542 5021 3586 5075 et
3618 5025 3699 5070 car·
3757 5021 3758 5034 ¹

2258 5121 2351 5186 nis
2395 5121 2737 5228 assumptio
2776 5128 2993 5184 contra
3033 5119 3430 5206 adoptionem
3466 5111 3541 5173 dis
3546 5108 3632 5178 tin
3612 5101 3697 5159 “ui

2259 5222 2378 5277 tur.
2415 5215 2641 5278 Unde
2625 5233 2689 5279 tn
2708 5212 2867 5278 libro
2907 5213 3363 5298 Sacrosyllabo,
3391 5209 3525 5270 circa
3544 5191 3697 5282 princi-

2257 5309 2455 5392 pium,
2498 5307 2585 5370 sic
2615 5305 2888 5374 dicitur:
2922 5309 3011 5370 Do
3049 5309 3242 5371 Beata
3282 5302 3505 5388 Vin-qino
3534 5297 3695 5357 tnenar

2258 5404 2542 5492 rabititer
2568 5405 2851 5482 sumpsit,
2868 5420 2984 5466 uon
3014 5403 3323 5482 adoptavit
3348 5411 3563 5462 camvi-

2344 5501 2402 5562 3.
2446 5495 2804 5585 Adoptionio
2824 5515 3139 5589 σορποηιεπ
3169 5493 3397 5560 Christi
3434 5472 3693 5554 humanitati

2248 5565 2294 5656 ’o-
2282 5609 2628 5676 Nepa-ouans
2638 5591 2809 5655 ——De
2836 5591 3149 5674 adoptione
3176 5591 3256 5653 ad
3280 5579 3581 5652 habitualem
3601 5583 3691 5652 fia·
