3892 6167
1271 414 1593 474 mst’uur.
1624 417 1802 474 XXXI.
1835 419 2007 475 sem.
2040 424 2125 477 Vl.

177 545 388 595 suarum
417 522 871 605 proprietatum.
905 521 1083 594 Quod
1123 520 1172 582 si
1214 520 1480 583 fortasse
1523 520 1670 582 sub-

174 623 358 686 stantia
377 623 573 681 creata
599 634 722 677 non
737 622 942 697 potest
959 615 1328 677 naturaliter
1346 632 1482 680 esse
1499 614 1668 695 prin-

173 716 360 794 cipium
400 710 742 791 proximum
771 714 836 771 et
862 709 1340 771 instrumentale
1384 709 1467 771 ad
1515 726 1668 789 pro-

169 809 303 891 prias
325 804 585 866 actiones
612 802 1058 875 accidentales,
1103 802 1259 865 iliud
1288 809 1384 863 est
1409 807 1669 883 propter

167 900 462 963 naturalem
507 898 1084 978 improportionem,
1127 898 1230 959 vel
1281 897 1470 958 etiam
1517 896 1668 977 qnia

167 992 480 1069 substantia,
510 996 580 1055 ut
605 992 716 1064 sic,
757 1010 884 1053 non
915 991 1365 1053 subordinatur
1391 990 1570 1053 alteri
1597 996 1669 1052 ut

167 1089 430 1171 proprium
473 1084 972 1161 instrumentum,
997 1084 1118 1147 nisi
1155 1084 1399 1147 auctori
1421 1100 1536 1145 suo
1559 1102 1578 1157 ς
1603 1088 1669 1145 et

167 1184 274 1245 idco
297 1184 502 1241 neutra
526 1196 604 1240 ex
631 1178 1106 1240 bis-rationibus
1134 1176 1398 1257 impedit
1423 1177 1664 1257 quomi-

165 1295 250 1338 nus
277 1277 332 1335 in
369 1272 704 1334 substantia
755 1274 951 1353 possit
995 1290 1136 1335 esse
1189 1271 1466 1352 potentia
1514 1271 1664 1333 obe-

166 1368 420 1432 dientialis
465 1367 546 1430 ad
589 1367 981 1430 efficiendum
1015 1366 1327 1429 accidens.
1357 1366 1420 1429 Si
1449 1372 1662 1427 autem

165 1482 256 1535 reS,
281 1478 404 1542 quae
443 1462 780 1522 assumitur
809 1464 880 1522 ut
907 1461 1420 1537 instrumentum,
1451 1460 1533 1520 sit
1553 1476 1665 1520 ac—

167 1556 351 1629 εἰάεηε,
385 1554 659 1635 potentia
712 1555 846 1615 hoec
885 1554 1288 1615 accidentalis
1315 1554 1380 1613 in
1407 1570 1486 1613 ea
1521 1552 1664 1623 erit,

163 1648 353 1710 etiamsi
389 1646 464 1708 ad
491 1646 906 1709 substantiam
937 1646 1329 1709 efficiendam
1361 1646 1663 1716 elevetur,

161 1751 366 1823 propter
392 1741 644 1804 easdem
685 1743 962 1803 rationes
1001 1758 1160 1821 quas
1189 1740 1520 1803 confirmat
1551 1758 1666 1801 na-

167 1836 318 1897 turale
345 1834 718 1914 exemplum,
740 1835 920 1914 juxta
949 1835 1314 1914 opinionem
1343 1834 1494 1896 satis
1519 1850 1666 1913 pro-

163 1928 378 1991 habilem
398 1932 456 1991 et
473 1934 821 2008 receptam,
847 1928 1015 2009 quod
1037 1927 1352 2003 accidens,
1377 1934 1448 1988 ut
1469 1926 1660 2003 calor,

159 2023 288 2083 verbi
315 2023 522 2101 gratia,
552 2028 652 2084 est
679 2022 1168 2083 instrumentum
1197 2021 1277 2081 ad
1306 2020 1661 2100 producen-

164 2118 268 2179 dam
287 2116 714 2193 substantiam,
743 2132 885 2178 cum
908 2116 1214 2177 tamenin
1243 2114 1452 2176 calore
1477 2112 1663 2195 quid-

167 2210 270 2291 quid
291 2217 373 2272 est
395 2210 640 2285 virtutis
664 2214 726 2271 et
745 2210 1100 2285 activitatis,
1127 2209 1262 2270 sive
1275 2206 1656 2289 principalis,

163 2306 252 2365 sive
279 2302 783 2379 instrumentalis,
809 2320 939 2365 non
981 2303 1206 2364 sitnisi
1249 2300 1657 2364 accidentale.

217 2398 324 2459 103.
353 2396 450 2459 Aa
485 2399 616 2461 Ῑιιεσ
637 2398 916 2479 potentia
936 2396 1020 2459 sit
1043 2414 1190 2469 una,
1221 2396 1314 2459 vel
1333 2396 1558 2475 plures.
1584 2426 1664 2441 —

161 2492 276 2552 Hinc
297 2490 549 2571 denique
577 2492 674 2552 ad
700 2491 948 2552 tertiam
973 2490 1535 2569 interrogationem
1567 2488 1664 2551 fa·

163 2585 243 2645 cite
257 2584 673 2665 respondetur,
685 2583 1047 2664 hujusmodi
1063 2582 1406 2663 potentiam
1423 2583 1490 2642 in
1512 2600 1666 2643 una-

163 2696 350 2757 quaque
377 2696 440 2740 re
467 2684 718 2739 tantum
744 2696 880 2739 esse
907 2694 1100 2737 unam
1128 2676 1476 2738 secundum
1499 2692 1659 2751 rem,

159 2771 382 2850 quamvis
413 2768 790 2832 'secundum
839 2770 1147 2832 rationem
1205 2776 1270 2831 et
1317 2776 1660 2850 conceptus

159 2872 350 2925 nostros
375 2864 810 2946 inudaequatos
850 2864 1044 2945 possit
1088 2863 1414 2943 multiplex
1443 2863 1662 2925 distin-

157 2960 232 3035 gui
255 2958 307 3017 in
331 2956 536 3019 ordine
565 2956 660 3020 ad
677 2958 884 3019 varios
914 2958 1193 3030 effeetus,
1223 2956 1542 3038 quomodo
1569 2958 1664 3019 di·

157 3068 258 3111 cere
281 3068 596 3131 possumus
625 3052 696 3112 in
727 3052 932 3113 verbis
957 3050 1256 3113 humanis
1287 3068 1424 3112 esse
1469 3052 1664 3113 virtu-

155 3152 245 3205 tem
271 3144 741 3209 obedientialem
765 3146 848 3208 ad
869 3144 1342 3226 justificandum
1371 3144 1464 3205 vel
1495 3151 1662 3206 tran-

153 3236 637 3300 substantiandum
668 3284 684 3312 ‚
729 3240 829 3301 vel
894 3239 1086 3300 etiam
1139 3238 1220 3299 ad
1271 3238 1612 3299 creandum
1639 3256 1655 3312 ;

153 3330 276 3410 quod
302 3339 495 3393 autem
535 3334 686 3393 hoec
719 3332 932 3393 omnia
970 3332 1102 3393 sola
1148 3331 1390 3393 ratione
1443 3332 1662 3392 distin-

154 3432 330 3501 gantur
367 3426 425 3486 in
454 3428 686 3489 eodem
717 3426 1156 3498 instrumente,
1185 3432 1358 3506 patet
1407 3444 1484 3486 ex
1531 3425 1660 3487 dic-

155 3518 228 3592 iiS,
253 3518 376 3597 quia
403 3538 527 3582 non
558 3518 1038 3601 distinguuntur
1081 3536 1160 3580 ex
1197 3526 1421 3580 natura
1451 3519 1540 3579 rei
1579 3519 1660 3580 ab

157 3612 356 3673 entitate
399 3614 853 3686 instrumenti,
891 3628 1102 3695 neque
1131 3610 1372 3673 addunt
1417 3610 1500 3673 illi
1546 3628 1661 3671 no-

155 3722 262 3763 vam
280 3706 529 3785 speciem
551 3712 672 3769 aut
694 3724 927 3768 novum
953 3706 1210 3767 modum
1232 3728 1250 3781 3
1279 3722 1432 3785 ergo
1451 3722 1658 3786 neque

161 3794 282 3857 inter
311 3818 366 3859 se
404 3799 709 3879 distingui
761 3806 1049 3880 possunt.
1093 3801 1428 3861 Possumus
1467 3800 1660 3860 etiam

161 3892 360 3953 naturali
384 3892 680 3974 exemplo
709 3892 776 3954 id
817 3894 1152 3973 explicare,
1181 3910 1327 3953 nam
1357 3893 1527 3954 idem
1558 3908 1660 3955 ca-

153 3978 222 4039 lor
243 3990 316 4043 cst
337 3984 692 4067 principalis
723 3986 918 4048 virtus
943 3986 1023 4048 ad
1052 3986 1527 4067 producendum
1556 4002 1659 4049 ca-

151 4070 304 4135 lorem
321 4123 342 4154 ,
379 4085 440 4141 et
489 4079 993 4141 instrumentalis
1047 4081 1130 4141 ad
1184 4078 1657 4160 producendam

149 4166 517 4248 substantiam,
551 4174 620 4234 et
651 4172 1024 4253 conjunctus
1051 4190 1200 4235 cum
1237 4172 1440 4235 forma
1467 4172 1654 4252 iguis,

151 4264 221 4319 est
261 4262 434 4325 virtus
484 4265 571 4327 ad
619 4266 1092 4345 producendam
1141 4266 1412 4327 formam
1466 4265 1652 4345 ignis,

149 4358 332 4415 etcum
359 4356 556 4421 forma
588 4360 752 4420 aeris
789 4360 872 4421 ad
900 4360 1380 4439 producendum
1413 4374 1650 4435 aerem,

147 4448 262 4521 etc.;
287 4454 579 4514 ettamen
607 4452 742 4513 hoec
771 4453 978 4513 omnia
1007 4454 1072 4513 in
1103 4453 1310 4514 calore
1335 4496 1353 4529 ,
1391 4470 1516 4512 non
1559 4468 1652 4526 re,

147 4538 229 4597 sed
257 4544 480 4607 ratione
513 4551 758 4607 tantum
791 4544 1264 4625 distinguuntur
1288 4590 1302 4618 ‚
1347 4546 1496 4623 quia
1527 4562 1654 4607 non

145 4630 338 4697 addunt
367 4653 598 4701 novum
639 4639 904 4701 modum
934 4647 1042 4701 aut
1070 4656 1301 4701 novam
1331 4640 1659 4702 entitatem

143 4726 354 4803 realem,
383 4730 492 4793 sed
521 4732 658 4813 ipsa
689 4733 917 4795 entitas
945 4734 1170 4796 caloris
1199 4750 1278 4794 ex
1309 4734 1364 4794 vi
1397 4750 1526 4795 suae
1557 4752 1657 4794 es-

145 4816 324 4880 sentiae
345 4822 534 4886 habet
559 4828 754 4887 totam
783 4827 955 4887 illam
980 4826 1129 4901 vim,
1165 4844 1354 4905 quam
1395 4844 1514 4887 nos
1559 4827 1658 4888 in-

149 4909 354 4974 tellectu
377 4918 680 4996 partimur
709 4920 774 4981 in
809 4920 1030 4982 ordine
1061 4920 1142 4982 ad
1167 4921 1456 4991 ὤνιοι-δας
1485 4919 1655 4981 idem

150 5018 287 5083 ergo,
308 5026 412 5069 seu
441 5010 664 5086 simile,
693 5018 900 5093 potest
921 5014 988 5075 in
1018 5013 1318 5093 praesenti
1345 5014 1530 5074 facile
1560 5014 1657 5073 in-

151 5095 322 5176 telligi.
348 5104 422 5165 At
445 5122 597 5167 vero
637 5104 705 5168 in
755 5106 1018 5169 diversis
1065 5106 1494 5169 instrumentis
1542 5122 1656 5167 seu

154 5194 403 5255 creaturis
421 5198 550 5260 haec
563 5201 846 5279 potentia
867 5198 1122 5262 realiter
1147 5200 1396 5261 diversa
1421 5204 1518 5261 est
1540 5215 1654 5278 pro

155 5294 320 5343 rerum
337 5286 714 5369 diversitate3
731 5299 945 5355 tamen
975 5293 1321 5355 secundum
1347 5291 1654 5355 rationem

155 5377 320 5446 potest
341 5379 457 5442 dici
485 5386 814 5461 eadem,in
839 5393 1146 5466 quantum
1187 5388 1411 5449 eodem
1445 5386 1649 5461 titulo,

160 5468 208 5522 et
229 5472 382 5544 quasi
405 5476 520 5537 suh
563 5478 784 5541 eadem
832 5481 1100 5557 ratione,
1141 5480 1432 5543 omnibus
1459 5480 1652 5543 rebus

159 5560 341 5623 creatis
363 5572 660 5647 convenit,
686 5572 946 5649 seilicet,
983 5580 1298 5657 quatenus
1314 5618 1332 5649 ,
1360 5574 1482 5637 boc
1513 5572 1647 5652 ipso

3190 430 3311 495 149

1749 522 1918 601 quod
1960 524 2129 587 entia
2180 530 2392 591 ereata
2436 532 2619 602 sunt,
2665 528 2853 609 plane
2900 528 3314 613 subjiciuntur

1747 618 1989 679 auctori
2028 636 2144 681 suo
2184 620 2249 681 in
2275 620 2375 683 his
2418 621 2713 685 omnibus
2760 641 2902 705 quoe
2949 644 3079 691 non
3124 648 3315 710 repu-

1745 717 1966 788 gnant.

1752 853 2034 919 Solvitur
2078 864 2311 922 sextum
2363 868 2780 941 aryumentum
2807 911 2825 939 ,
2871 870 2927 927 ct
2964 866 3311 933 declaratur

1825 950 2147 1123 gssffzgnzit
2174 954 2331 1017 actio
2365 971 2402 1016 a
2436 958 2712 1037 potentia
2753 956 3130 1023 obedientiali
3164 980 3309 1043 pro-

1827 1174 1964 1237 10⁴.
1988 1176 2057 1238 In
2084 1182 2255 1239 sexto
2276 1186 2651 1257 argumento
2673 1184 2949 1261 tangitur
2974 1184 3307 1247 difficultas

1745 1266 1824 1329 ds
1852 1267 2121 1341 actione,
2168 1289 2305 1350 quae
2336 1274 2737 1353 progreditur
2760 1276 2841 1337 ab
2871 1276 2989 1339 hac
3026 1279 3307 1358 potentia

1745 1359 2174 1437 obedientiali,
2202 1366 2405 1445 qualis
2429 1368 2531 1443 sit,
2556 1372 2623 1430 et
2644 1386 2833 1447 quam
2870 1370 3306 1433 habitudinem

1747 1454 1830 1517 ad
1858 1454 2028 1519 illam
2058 1456 2243 1521 dicat.
2287 1460 2367 1523 Ut
2391 1470 2607 1523 autem
2632 1463 2857 1525 melius
2900 1465 3301 1547 intelligatur,

1746 1548 2083 1629 loquamur
2127 1552 2209 1615 de
2255 1553 2501 1617 actione
2549 1574 2673 1635 qua
2726 1559 2927 1637 gratia
2976 1558 3049 1622 fit
3094 1559 3307 1621 medio

1746 1643 2143 1723 baptismate,
2180 1648 2277 1708 vel
2304 1666 2419 1727 per
2444 1649 2669 1713 Christi
2710 1650 3188 1715 humanitatem.
3220 1654 3305 1715 De

1745 1754 1870 1816 qua
1899 1746 2141 1801 certum
2172 1758 2311 1803 esse
2340 1742 2623 1803 existimo
2662 1762 2803 1807 esse
2842 1745 3197 1807 distinctam
3224 1744 3307 1807 ab

1743 1832 2013 1907 actione,
2038 1850 2163 1911 qua
2208 1833 2433 1897 eadem
2474 1836 2675 1912 gratia
2700 1856 2987 1912 numero,
3018 1838 3118 1901 vel
3150 1856 3307 1901 con-

1745 1926 1977 1985 servari
1994 1926 2095 1987 vel
2114 1925 2251 1989 fieri
2282 1935 2497 2006 posset
2524 1948 2563 1989 a
2590 1930 2723 1993 solo
2753 1933 2884 1995 Deo
2912 1932 3153 2011 absque
3178 1932 3306 1993 ullo

1743 2018 2183 2093 instrumento,
2208 2022 2379 2100 quod
2408 2022 2565 2085 mibi
2594 2025 2747 2085 satis
2786 2026 3013 2105 prohat
3058 2031 3307 2089 sextum

1743 2118 2189 2189 argumentum
2220 2117 2631 2195 propositum.
2658 2119 2731 2181 Et
2755 2120 2905 2198 quia
2928 2118 3211 2200 intelligi,
3238 2125 3307 2181 ut

1745 2204 2055 2279 existimo,
2095 2224 2225 2270 non
2276 2215 2484 2287 potest
2530 2211 2700 2290 quod
2734 2211 2959 2276 eadem
2992 2231 3095 2275 res
3134 2230 3307 2275 nunc

1743 2296 2017 2375 pendeat
2050 2299 2131 2359 ab
2160 2318 2287 2361 una
2316 2318 2505 2365 causa
2530 2348 2551 2377 ,
2582 2322 2753 2367 nuuc
2791 2323 2939 2369 vero
2983 2322 3115 2369 non
3158 2324 3311 2385 pen·

1745 2390 1893 2453 deat
1921 2391 2006 2452 ab
2030 2392 2162 2468 illa,
2196 2395 2311 2457 sed
2341 2396 2422 2458 ab
2450 2397 2596 2471 alia,
2632 2398 2787 2478 quin
2820 2399 3169 2461 intercedat
3198 2400 3315 2461 ali-

1745 2501 1868 2563 qua
1893 2486 2181 2561 mutatiO,
2198 2488 2416 2551 saltem
2440 2490 2503 2551 i'n
2524 2491 2659 2570 ipsa
2680 2492 3131 2570 dependentia:
3160 2494 3313 2571 quia

1745 2580 2160 2658 supponimus
2188 2600 2305 2643 nec
2329 2583 2667 2645 terminum
2696 2584 2979 2661 actionis,
3005 2602 3125 2649 nec
3164 2586 3313 2649 sub-

1739 2671 1977 2751 jectum
2004 2674 2235 2735 mutari
2257 2675 2457 2749 3item
2484 2694 2745 2739 necesse
2790 2694 2915 2739 non
2968 2683 3067 2743 est
3111 2697 3310 2761 agens

1741 2766 1810 2825 in
1855 2782 1924 2827 se
1970 2769 2234 2844 mutan-13
2268 2774 2333 2829 ut
2380 2769 2435 2830 si
2468 2770 2636 2833 Deus
2682 2790 2851 2833 nunc
2894 2774 3309 2851 suspenderet

1743 2876 2144 2937 concursum,
2172 2879 2299 2940 quo
2324 2880 2469 2923 cum
2500 2863 2632 2925 sole
2682 2866 2995 2929 concurrit
3028 2866 3109 2929 ad
3158 2886 3308 2931 con-

1743 2952 2125 3015 servandum
2154 2953 2369 3017 lumen
2400 2955 2463 3017 in
2509 2974 2676 3031 aere,
2712 2958 3023 3039 simulque
3050 2959 3309 3023 adbibe-

1743 3051 1842 3107 ret
1867 3046 2061 3107 alium
2092 3064 2493 3123 concursum,
2520 3067 2646 3129 quo
2678 3052 2811 3113 sola
2846 3070 2959 3113 sua
2988 3054 3215 3117 virtute
3239 3054 3310 3115 il-

1743 3138 1850 3201 lud
1885 3147 2307 3216 conservaret,
2335 3148 2485 3203 tunc
2506 3143 2573 3205 in
2602 3146 2733 3207 sole
2762 3147 2935 3208 nulla
2964 3146 3143 3209 fieret
3166 3165 3310 3209 mu-

1747 3233 1918 3309 tatio,
1944 3252 2063 3295 nec
2096 3234 2161 3295 in
2190 3236 2339 3307 Deo,
2374 3243 2439 3298 ut
2466 3256 2577 3316 per
2610 3256 2677 3301 se
2708 3245 2975 3313 constat,
2999 3258 3207 3320 neque
3241 3241 3308 3301 in

1741 3344 1889 3387 aere
1918 3327 2129 3406 quoad
2158 3327 2423 3391 formam
2458 3330 2715 3393 luminis
2752 3336 2818 3394 in
2856 3333 3021 3397 facto
3055 3350 3217 3407 esse,
3248 3338 3309 3397 et

1740 3425 1957 3481 tamen
1980 3420 2147 3482 idem
2160 3421 2399 3499 lumen,
2426 3424 2597 3504 quod
2617 3432 2803 3489 antea
2823 3426 3140 3507 pendebat
3160 3430 3309 3489 actu

1741 3533 1780 3577 a
1812 3514 1967 3589 sole,
1999 3516 2131 3594 jam
2174 3532 2301 3579 non
2346 3518 2623 3596 pendet;
2650 3538 2805 3599 ergo
2832 3539 3089 3585 necesse
3121 3528 3213 3583 est
3239 3528 3309 3584 ut

1743 3607 1971 3670 saltem
2000 3607 2451 3687 dependentia,
2486 3612 2587 3673 vel
2614 3614 2779 3675 actio
2804 3620 3045 3677 mutata
3072 3615 3303 3689 fuerit;

1743 3719 1896 3781 ergo
1954 3718 2081 3762 una
2131 3701 2315 3765 desiit
2362 3722 2527 3777 esse,
2570 3712 2635 3768 et
2672 3706 2793 3769 alia
2844 3708 3079 3787 incepit
3105 3726 3121 3781 ς
3152 3726 3306 3788 ergo

1739 3794 2031 3857 distincta
2073 3800 2167 3857 est
2216 3794 2641 3875 dependentia
2670 3799 2951 3878 ejusdem
2984 3802 3239 3863 luminis
3268 3820 3307 3863 a

1737 3892 1892 3965 De0,
1923 3889 2245 3952 mediante
2276 3892 2431 3966 sole,
2467 3892 2569 3954 vel
2597 3912 2635 3955 a
2666 3894 2799 3957 solo
2830 3896 2985 3957 Dee.
3024 3895 3127 3957 Sic
3154 3912 3307 3975 ergo

1737 3984 1804 4045 in
1851 3988 2159 4064 proesente
2210 3984 2503 4048 distincta
2559 3992 2654 4050 est
2710 3988 3133 4069 dependentia
3168 4008 3313 4070 ,qua

1737 4077 1906 4137 Deus
1923 4077 2437 4155 effecitgratiam,
2460 4079 2667 4142 medio
2686 4080 3103 4145 instrumento
3124 4098 3306 4163 aquoe

1737 4170 1840 4231 vel
1868 4170 2279 4231 humanitatis
2304 4170 2554 4248 Christi,
2582 4172 2663 4233 ab
2688 4191 2767 4235 ea
2792 4192 2919 4253 qua
2942 4174 3131 4238 efficit
3158 4192 3303 4255 gra·

1736 4263 1890 4323 tiam
1915 4280 1985 4324 se
2012 4262 2170 4325 sole.

1815 4360 1953 4421 105.
1982 4357 2165 4421 Actio
2192 4376 2321 4439 qm
2340 4377 2453 4440 per
2476 4362 2948 4427 instrumentum
2966 4380 3011 4427 a
3034 4364 3159 4428 Deo
3186 4364 3305 4429 mi·

1733 4452 2009 4514 reculoso
2032 4452 2132 4528 fit,
2164 4451 2403 4517 diversa
2431 4460 2520 4520 cst
2547 4457 2623 4521 ab
2640 4474 2711 4519 ea
2740 4474 2924 4536 quam
2950 4457 3117 4521 solus
3140 4458 3308 4521 Deus

1734 4546 1914 4623 facit,
1946 4562 2067 4606 mn
2098 4550 2338 4609 tantum
2364 4564 2631 4625 numero,
2659 4551 2766 4613 sed
2784 4552 2969 4612 ctiam
3002 4552 3303 4635 specie.—

1739 4639 1840 4697 An
1889 4654 2039 4697 vero
2096 4637 2213 4699 illoe
2263 4641 2547 4702 actiones
2588 4642 2653 4701 in
2694 4643 2939 4705 ratione
2980 4644 3302 4706 actionum

1739 4731 2023 4809 specifice
2062 4730 2373 4794 distincta
2410 4735 2560 4809 sint,
2590 4735 2689 4795 vel
2726 4741 2971 4797 tantum
3010 4754 3301 4811 numero,

1737 4823 1961 4886 merito
2009 4824 2275 4886 dubitari
2326 4833 2555 4906 potest.
2605 4829 2763 4890 Nam
2812 4846 2891 4890 ex
2934 4829 2994 4891 vi
3044 4830 3305 4891 rationis

1735 4916 1918 4978 factae
1935 4917 2141 4979 solum
2162 4919 2453 4981 concludi
2475 4926 2681 4999 potest
2698 4922 3023 4985 numerica
3052 4922 3307 4985 distinc-

1737 5012 1848 5085 tio,
1877 5028 2027 5072 nam
2062 5012 2198 5073 haec
2230 5012 2461 5074 sufficit
2494 5013 2577 5074 ad
2615 5014 2980 5092 proedictam
3008 5017 3303 5079 mutatio-

1737 5120 1907 5179 nem,
1941 5105 2101 5167 utin
2145 5105 2334 5167 allato
2364 5106 2653 5185 exemplo
2682 5107 2759 5169 de
2786 5108 3025 5171 lumine
3052 5108 3303 5171 videtur

1735 5200 1890 5260 satis
1925 5196 2277 5277 probabile.
2302 5198 2575 5260 Aliunde
2602 5218 2779 5277 vero,
2808 5218 2959 5262 eum
2992 5202 3301 5263 terminus

1737 5292 1816 5353 sit
1861 5291 2031 5353 idem
2084 5291 2151 5351 in
2206 5292 2439 5371 specie,
2485 5291 2781 5355 videntur
2824 5294 3105 5356 actiones
3156 5310 3298 5355 esse

1735 5384 2020 5465 ejusdem
2050 5386 2277 5465 speciei
2302 5404 2319 5457 3
2351 5386 2501 5465 quia
2532 5388 2717 5460 actio,
2749 5388 2909 5449 sicut
2936 5392 3168 5459 motus,
3198 5404 3299 5449 su-

1733 5478 1846 5539 mit
1869 5478 2143 5557 speciem
2174 5496 2213 5538 a
2250 5478 2520 5540 termino
2551 5480 2633 5540 ad
2661 5498 2873 5559 quem.
2906 5480 3209 5558 Denique,
3244 5481 3299 5541 si

1731 5572 1852 5634 hoc
1892 5570 2134 5634 dicatur
2162 5616 2182 5647 ,
2214 5571 2459 5633 videtur
2504 5572 2747 5635 facilius
2801 5590 2985 5652 posse
3036 5572 3295 5637 dissolvi
