3892 6167
105 6132 130 6146 ἰ
105 6086 112 6113 ““
105 5948 133 6079 ...qu-

560 426 811 485 centum
845 427 907 485 et
936 416 1393 501 quinquaginta
1420 418 1635 481 Patres
1656 415 1737 479 ad
1758 415 1933 479 illam
1971 433 2123 478 con-

562 523 907 591 venerunt,
950 521 1015 577 et
1056 514 1173 575 sub
1200 516 1337 593 ejus
1362 512 1756 585 obedientia,
1787 530 1861 573 ac
1905 510 2122 589 praesi-

568 610 859 673 dentibus
889 609 1025 691 ejus
1055 610 1322 690 Legatis,
1353 608 1694 688 processit,
1738 624 1815 667 ac
1847 605 2124 682 denique

572 702 653 764 ab
686 703 931 776 eodem,
968 709 1091 765 eta
1116 704 1321 765 Leone
1364 703 1449 763 111
1478 699 1847 763 confirmata
1884 704 2017 771 est,
2054 702 2126 759 ut

570 816 649 859 ex
682 796 895 858 Photio
916 841 937 873 ‚
988 797 1215 871 Psello,
1256 801 1319 857 et
1367 796 1605 857 Platina
1651 797 1916 867 constat,
1951 798 2013 853 et
2047 809 2125 853 ex

572 890 787 963 Ivone,
814 894 853 951 4
884 899 1043 969 part.
1080 889 1177 951 sui
1207 887 1462 961 decreti,
1490 905 1545 948 c.
1582 889 1721 948 147.

654 985 753 1046 12.
802 982 897 1045 Ad
924 983 1101 1045 illum
1130 999 1277 1043 vero
1301 982 1619 1042 Canonem
1645 986 1835 1041 sextae
1862 979 2124 1059 synodi,

570 1079 680 1159 qui
702 1079 867 1141 inter
884 1077 1213 1139 Trulianos
1260 1076 1537 1154 ponitur,
1556 1074 1861 1153 quidquid
1886 1072 1966 1135 de
1991 1073 2122 1135 illo·

572 1190 715 1234 rum
759 1172 1081 1235 canonum
1138 1167 1505 1231 auctoritate
1555 1169 1664 1239 sit,
1708 1167 2126 1245 respondetur

572 1265 737 1329 male
786 1264 997 1339 citari,
1048 1263 1195 1343 quia
1250 1280 1377 1323 non
1424 1260 1710 1341 prohibet
1754 1261 2126 1325 Sanctorum

572 1358 902 1439 imagines,
934 1356 1043 1419 sed
1066 1357 1341 1436 picturas
1370 1356 1545 1433 (haec
1569 1355 1735 1417 enim
1762 1360 1910 1415 sunt
1934 1354 2128 1417 verba

572 1452 904 1531 Canonis)‚
943 1469 1077 1531 quoe
1126 1448 1338 1521 oculos,
1364 1451 1849 1531 praesto-iaqumu
1886 1453 1943 1510 et
1970 1465 2130 1509 men·

573 1554 687 1609 tem
728 1549 1121 1625 corrumpunt
1142 1586 1159 1615 ,
1216 1548 1272 1605 et
1319 1543 1402 1605 acl
1442 1544 1713 1621 turpium
1750 1542 2128 1619 voluptatum

568 1644 800 1702 movent
826 1636 1127 1701 incendia.
1161 1634 1297 1707 Quo
1340 1634 1529 1695 modo
1571 1631 1915 1697 Concilium
1942 1632 2128 1694 etiam

570 1728 942 1805 Tridentin„
973 1746 1125 1791 sess.
1157 1730 1259 1803 23,
1294 1733 1521 1789 sancte
1558 1727 1826 1802 monuit,
1857 1726 1921 1787 in
1949 1742 2130 1787 sacro

574 1824 919 1903 imaginum
967 1842 1089 1885 usu
1130 1838 1385 1884 omnem
1426 1820 1958 1900 superstitionem,
1993 1836 2130 1881 om-

576 1935 847 1995 nemque
882 1917 1203 1979 lasciviam
1227 1933 1367 1977 esse
1396 1913 1741 1985 vitandam,
1774 1914 1863 1975 ita
1886 1919 1956 1975 ut
1989 1931 2130 1992 pro-

573 2011 705 2071 caci
736 2015 1059 2073 venustate
1089 2008 1399 2087 imagines
1444 2025 1573 2069 non
1614 2008 1976 2087 pingantur,
2019 2024 2130 2067 ue-

574 2122 697 2183 que
720 2111 1041 2165 ornentur.

661 2198 755 2258 13.
800 2195 1121 2257 Difficilius
1150 2195 1497 2273 explicatur
1525 2194 1847 2259 decretum
1876 2193 2130 2256 Concilii

570 2291 917 2366 Elibertini‚
948 2290 1119 2369 quod
1148 2292 1294 2370 quia
1317 2291 1695 2369 provinciale
1722 2289 1860 2363 fuit,
1890 2295 1956 2350 et
1978 2306 2132 2368 pau·

572 2402 789 2445 corum
832 2384 1317 2463 Episcoporum‚
1349 2382 1557 2459 Cano,
1595 2383 1705 2445 lib.
1744 2386 1781 2445 ὅ
1810 2382 1889 2445 de
1922 2382 2124 2453 Loci3‚

572 2496 629 2539 c.
660 2482 723 2551 4,
755 2496 885 2539 non
913 2477 1223 2539 dubitavit
1255 2477 1629 2551 concedere,
1660 2475 1815 2538 illud
1855 2492 2123 2537 errasse.

572 2570 691 2631 Alii
712 2577 925 2633 atttem
954 2570 1362 2649 respondent,
1390 2570 1543 2631 illud
1562 2568 1905 2631 Concilium
1924 2570 2128 2631 solum

574 2664 963 2741 prohibuisse
1016 2664 1305 2742 proprias
1344 2663 1653 2742 imagines
1706 2662 1835 2724 Dei.
1884 2660 2004 2722 Alii
2040 2658 2132 2720 di-

574 2762 725 2817 cunt
756 2756 1151 2836 prohibuisse
1196 2774 1281 2817 ne
1331 2756 1641 2835 imagines
1668 2754 1790 2815 ritu
1836 2752 2130 2831 gentilico

575 2848 919 2917 adorentur
956 2857 1021 2911 et.
1064 2849 1503 2929 depingantur.
1560 2848 1689 2911 Sed
1736 2846 1871 2909 haec
1920 2846 2134 2907 omnia

574 2942 709 3005 sine
736 2941 1151 3005 fundamento
1180 2942 1470 3004 dicuntur
1488 2956 1509 3018 3
1541 2941 1733 3003 verba
1772 2940 1939 3001 enim
1971 2939 2136 2999 illius

576 3037 863 3109 Canonis,
900 3054 1041 3115 quae
1074 3037 1141 3097 in
1165 3040 1194 3098 1
1231 3044 1383 3097 tom.
1404 3036 1665 3107 Concil.‚
1703 3033 1870 3097 etde
1900 3031 2140 3095 Conse-

578 3136 760 3203 crat.‚
782 3129 919 3191 dist.
944 3132 1005 3200 4,
1024 3149 1165 3209 cap.
1194 3129 1451 3203 Placuit,
1478 3129 1627 3191 etin
1651 3128 1901 3190 decreto
1930 3127 2131 3200 lvon.,

580 3224 615 3281 3
638 3228 829 3301 part„
853 3241 991 3302 cap.
1014 3226 1117 3296 40,
1140 3222 1473 3299 habentur,
1501 3222 1635 3285 haec
1660 3225 1807 3283 sunt
1834 3241 1849 3281 ε
1883 3219 2131 3283 Placuit

574 3319 641 3377 in
672 3315 969 3379 Ecclesiis
990 3317 1267 3397 picturas
1302 3333 1432 3381 osse
1466 3333 1583 3379 uon
1624 3316 1842 3391 debere,
1872 3332 1946 3377 ne
1977 3313 2134 3393 quod

577 3408 800 3471 colitur
826 3415 883 3471 ct
910 3409 1226 3483 adoratur,
1273 3411 1339 3471 in
1378 3410 1717 3492 parietibus
1740 3410 2124 3487 depinyatur.

575 3503 663 3565 Ex
696 3501 923 3581 quibus
955 3500 1163 3563 verbis
1210 3520 1337 3563 non
1376 3502 1641 3565 obscure
1680 3500 2014 3580 colligitur,
2045 3500 2132 3561 ibi

576 3614 707 3657 non
750 3595 1065 3677 prohiberi
1116 3596 1424 3676 imagines
1475 3595 1871 3675 simpliciter,
1904 3594 2014 3657 sed
2047 3612 2130 3655 ne

577 3691 643 3751 in
708 3689 1048 3771 parietibus
1120 3690 1535 3753 Ecclesiarum
1614 3688 2125 3767 depingerentur.

577 3782 725 3855 Quae
772 3783 875 3845 lex
925 3784 1125 3863 potuit
1179 3786 1255 3845 e'o
1306 3789 1591 3861 tempore
1632 3780 1968 3861 expedire;
2015 3780 2132 3842 fuit

576 3877 745 3939 enim
778 3877 929 3939 illud
965 3877 1304 3939 Concilium
1346 3877 1509 3939 circa
1557 3881 1843 3953 tempora
1873 3873 2132 3937 Conciiii

576 3970 833 4045 Nicaeni,
890 3970 1140 4049 quando
1192 3968 1539 4033 idololatria
1590 3967 1798 4028 adbuc
1850 3966 2126 4047 vigebat,

572 4064 741 4127 unde
762 4064 939 4125 facilc
958 4064 1245 4127 accidere
1268 4069 1513 4143 poterat
1532 4067 1601 4123 ut
1624 4062 1929 4140 imagines
1944 4060 2130 4121 Sanc-

574 4166 777 4219 torum
804 4158 869 4219 in
895 4158 1238 4238 parietibus
1266 4157 1531 4237 depictae
1556 4154 1637 4217 ab
1664 4152 2023 4215 infidelibus
2053 4152 2129 4212 ir·

576 4258 937 4315 reverenter
984 4258 1422 4315 tractarentur.
1458 4252 1548 4313 lta
1596 4245 1937 4328 respondet
1981 4245 2130 4307 Ala-

575 4361 721 4419 nus,
748 4343 979 4425 dialog.
1032 4348 1095 4417 5,
1125 4363 1183 4406 c.
1233 4346 1347 4419 163
1392 4341 1686 4415 Sander.,
1713 4339 1825 4403 lib.
1862 4344 1926 4413 2,
1957 4358 2016 4401 c.
2048 4341 2124 4412 43

577 4435 800 4517 Ayala‚
829 4436 937 4497 lib.
970 4434 1049 4499 de
1068 4436 1501 4511 Traditionib„
1528 4436 1569 4499 3
1598 4453 1759 4515 par..
1792 4452 1846 4495 c.
1878 4432 1962 4495 de
1995 4434 2130 4493 An-

572 4527 775 4608 tiquit.
804 4530 1059 4607 imagin.
1084 4574 1103 4603 ,
1137 4530 1241 4607 qui
1272 4530 1459 4591 aliam
1490 4530 1795 4591 rationein
1824 4527 1988 4589 illius
2015 4526 2124 4587 de-

566 4624 719 4686 creti
756 4623 1095 4703 subjungit,
1130 4622 1383 4695 scilicet,
1418 4622 1564 4700 quia
1596 4622 1903 4701 imagines
1928 4620 1992 4679 in
2017 4636 2122 4697 pa-

560 4716 829 4779 rietibus
890 4716 1154 4795 depictae
1223 4715 1403 4777 facile
1452 4714 1930 4784 deformantur3
1973 4714 2120 4793 quia

562 4827 711 4871 vero
760 4811 879 4871 hoc
908 4808 1377 4873 incommodum
1412 4808 1729 4887 diligentia
1762 4804 1978 4869 evitari
2007 4822 2117 4884 po·

560 4908 705 4969 test,
740 4910 802 4963 et
828 4903 1085 4983 antiqua
1117 4902 1221 4961 illa
1268 4902 1608 4963 necessitas
1648 4902 1780 4979 jam
1820 4899 2111 4971 cessavit,

556 4994 699 5055 ideo
742 4994 1063 5057 decretum
1107 4993 1262 5057 illud
1310 5013 1426 5055 usu
1470 4994 1841 5071 abrogatum
1889 4999 2022 5062 est,
2053 5000 2116 5055 et

558 5088 617 5147 in
648 5088 749 5149 VII
772 5087 1011 5167 Synod.
1044 5087 1408 5165 hujusmodi
1436 5087 1745 5167 imagines
1770 5085 2115 5166 parietibus

556 5179 811 5259 depictae
838 5181 1270 5241 admittuntur.

631 5278 730 5337 u.
756 5274 849 5334 Ad
878 5274 1152 5348 tertium,
1182 5274 1262 5335 de
1288 5274 1391 5335 illo
1409 5274 1733 5355 Epiphanii
1754 5272 2111 5335 testimonio

546 5369 719 5429 varia
750 5386 787 5429 a
814 5368 1183 5429 Ductoribus
1213 5368 1379 5429 dicta
1422 5376 1589 5441 sunt.
1623 5370 1836 5429 Castro
1858 5414 1874 5441 ,
1918 5368 2028 5429 lib.
2072 5370 2111 5430 8

1762 318 1996 384 uuasr.
2031 318 2180 373 m.
2215 318 2417 373 Anne.
2451 320 2534 373 m.

2199 416 2506 497 phanium
2533 416 2616 479 ab
2643 416 2868 481 haeresi
2897 422 3186 491 excuset,
3215 414 3390 497 quod
3405 432 3521 480 nou
3544 427 3686 499 perti.

2202 511 2386 573 nacia
2427 511 2665 585 animi,
2697 528 2818 573 nec
2867 516 3086 573 contra
3127 509 3419 571 Ecclesia
3441 510 3688 581 definitio·

2203 624 2374 677 nem,
2403 624 2543 685 quaa
2572 612 2722 667 tunc
2743 608 2930 677 esset,
2953 604 3038 665 ita
3061 603 3254 665 tuerit
3281 602 3569 681 opinatus,
3585 628 3687 673 con-

2207 701 2372 763 cedit
2402 709 2618 763 tamen
2647 718 2795 761 eum
2824 699 2890 759 in
2925 697 3032 760 illo
3071 714 3290 759 errore
3339 698 3516 759 fuisse
3535 718 3690 765 versa·

2207 800 2364 855 tum.
2383 796 2520 857 Non
2543 800 2874 856 esttamen
2904 793 3054 855 satis
3077 790 3469 854 considerate
3485 792 3690 863 locutus.

2208 888 2558 962 Waldens.,
2603 893 2754 949 tom.
2783 890 2822 949 3
2851 886 2932 947 de
2963 884 3500 955 Sacramentatib„
3521 905 3568 948 c.
3593 894 3692 968 ¹57,

2207 999 2335 1042 non
2367 981 2576 1043 minus
2603 980 2850 1043 incaute
2881 979 3030 1041 dicit
3047 977 3277 1058 Epiph.
3309 981 3536 1041 motum
3555 981 3694 1049 fuisse

2203 1077 2360 1148 zelo,
2395 1094 2523 1137 non
2553 1072 2902 1135 secundum
2933 1072 3300 1143 scientiam;
3330 1072 3590 1135 Damasc.
3621 1096 3696 1138 rc-

2203 1189 2302 1245 ro,
2333 1177 2494 1233 orat.
2529 1173 2560 1233 1
2593 1170 2676 1232 de
2703 1171 2927 1245 lmng.,
2966 1184 3154 1247 quem
3196 1165 3396 1227 Jonas
3419 1168 3694 1249 Aurelian„

2205 1264 2316 1327 lib.
2363 1270 2426 1331 1.
2470 1264 2768 1339 imitatur,
2817 1262 3086 1343 primum
3115 1260 3292 1333 dicit,
3321 1260 3498 1320 etiam
3538 1263 3698 1343 siEpi-

2210 1358 2482 1439 phanius
2517 1357 2580 1417 in
2623 1374 2764 1419 eam
2813 1354 3194 1419 sententiam
3233 1352 3568 1426 incidisset,
3606 1376 3700 1421 nou

2211 1470 2348 1523 esse
2391 1450 2774 1513 audiendum
2831 1456 3048 1511 contra
3093 1453 3461 1509 caeterorum
3507 1449 3702 1513 Pau-um

2210 1546 2664 1607 auctoritatem.
2687 1542 3001 1614 Secundo,
3031 1539 3208 1603 addit
3227 1540 3332 1610 (et
3351 1538 3476 1601 haec
3495 1549 3580 1603 est
3591 1560 3698 1607 vera

2211 1638 2540 1718 responsio
2575 1639 2596 1715 )
2653 1643 2900 1716 partem
2950 1634 3124 1695 iliam
3194 1639 3530 1694 extremam
3579 1636 3700 1697 illius

2213 1732 2492 1812 epistolae
2523 1724 2654 1793 non
2689 1748 2830 1793 esse
2865 1726 3238 1811 Epiphanii,
3281 1724 3400 1787 sed
3440 1725 3516 1787 ab
3539 1726 3698 1809 aliquo

2209 1825 2500 1887 haeretico
2531 1824 2941 1904 suppositam,
2969 1822 3148 1900 cujus
3169 1820 3266 1881 rei
3293 1819 3489 1881 varias
3511 1825 3700 1901 conjec-

2211 1926 2382 1981 turas
2419 1918 2700 1996 congerit
2729 1918 2912 1979 Alan.
2957 1933 3177 1994 supra,
3211 1931 3271 1975 c.
3301 1916 3412 1989 203
3457 1920 3568 1975 tres
3589 1932 3698 1979 vem

2213 2022 2320 2075 aut
2347 2021 2616 2092 quatuor
2643 2017 2790 2073 sunt
2823 2010 3188 2091 potissimae.
3223 2008 3426 2071 Prima
3457 2016 3558 2081 est,
3575 2014 3700 2089 quod

2209 2106 2275 2165 iu
2291 2107 2395 2167 vn
2415 2105 2646 2185 Synod.
2659 2150 2676 2177 ,
2694 2110 2815 2167 act.
2835 2108 2897 2180 6,
2916 2104 3044 2165 duo
3071 2102 3428 2164 testimonia
3445 2103 3698 2182 Epiphanii

2211 2200 2581 2274 afferuntur,
2620 2199 2849 2278 quibus
2873 2197 3306 2259 abutebantur
3333 2196 3606 2269 hoeretici,
3625 2198 3698 2274 qui

2210 2294 2475 2355 convicti
2504 2300 2650 2355 sunt
2678 2292 2784 2353 illa
2811 2292 2970 2353 falso
2993 2288 3402 2363 confinxisse,
3421 2291 3481 2349 et
3496 2286 3698 2367 Epipha-

2208 2387 2314 2449 nio
2344 2386 2746 2466 imposuisse3
2783 2385 2834 2445 si
2857 2393 3070 2446 autem
3102 2383 3166 2445 in
3195 2382 3316 2443 hac
3341 2383 3576 2461 epistola
3597 2384 3696 2461 Epi·

2209 2480 2422 2561 phanii
2453 2479 2588 2541 hoec
2614 2496 2762 2558 pars
2789 2496 2866 2539 eo
2899 2484 3188 2557 tempore
3233 2475 3550 2553 legeretur,
3577 2482 3695 2539 certe

2209 2571 2484 2637 haeretici
2513 2572 2682 2635 illam
2719 2571 2996 2633 maxime
3023 2575 3354 2649 urgerent.
3379 2568 3606 2645 signum
3627 2576 3698 2631 cst

2213 2684 2365 2746 ergo
2396 2684 2536 2729 eam
2583 2671 2826 2746 partem
2873 2682 3004 2727 non
3051 2662 3254 2725 fuisse
3301 2661 3382 2723 ab
3422 2660 3690 2739 Epiphanio

2213 2760 2526 2839 scriptam.
2555 2758 2668 2821 sed
2695 2765 2914 2838 postea
2941 2756 3024 2819 ab
3047 2756 3362 2818 haereticis
3388 2754 3688 2833 impositam.

2213 2854 2390 2916 Hanc
2420 2853 2588 2915 enim
2617 2868 2753 2915 esse
2784 2852 3224 2937 haereticorum
3250 2846 3694 2910 consuetudinem

2221 2952 2466 3007 constat
2489 2962 2565 3007 ex
2589 2944 2812 3007 eadem
2840 2946 2946 3007 vu
2969 2944 3153 3023 Syn..
3189 2948 3313 3003 act.
3339 2943 3400 3017 3,
3419 2940 3480 3013 8,
3499 2940 3584 3001 ubi
3605 2940 3692 3001 Ma·

2219 3040 2468 3103 charius
2501 3038 2825 3101 confessus
2851 3045 2946 3101 est
2991 3056 3062 3099 se
3101 3041 3382 3099 mutasse
3411 3034 3691 3096 testimonia

2219 3136 2615 3205 Sanctorum3
2664 3138 2726 3195 et
2776 3132 3112 3204 Adrianus„
3155 3132 3226 3191 in
3253 3129 3616 3209 responsione
3635 3127 3690 3189 ad

2215 3229 2527 3299 Cat-olum,
2569 3226 2842 3289 ostendit
2865 3224 3198 3287 haereticos
3231 3223 3556 3301 corrupisse
3577 3220 3688 3300 epis-

2208 3322 2372 3384 tolas
2411 3320 2621 3400 Cyrilli
2665 3320 2749 3381 ad
2779 3320 3192 3389 successum:
3227 3325 3290 3381 et
3317 3317 3525 3379 similia
3549 3316 3686 3375 rideri

2209 3421 2472 3495 possunt
2495 3413 2558 3475 in
2585 3414 2846 3489 Euseb.‚
2869 3414 2978 3475 lib.
3003 3417 3045 3474 4
3067 3413 3259 3481 nist..
3283 3430 3340 3473 c.
3363 3413 3473 3479 253
3497 3408 3686 3479 Athen„

2211 3508 2390 3586 epist.
2424 3506 2504 3567 ad
2551 3506 3004 3587 Serapionem;
3041 3506 3300 3567 Nicolao
3341 3504 3516 3566 ctiam
3549 3502 3684 3579 rapa,

2211 3600 2390 3680 epist.
2419 3600 2500 3661 ad
2523 3600 2820 3663 Leonem.
2839 3599 3154 3671 Secundo,
3179 3616 3258 3661 ex
3281 3604 3555 3659 contextu
3575 3598 3690 3673 epis·

2212 3695 2354 3757 totae
2408 3694 2528 3755 hoc
2563 3712 2690 3755 non
2741 3692 3004 3755 obscure
3055 3693 3404 3773 colligitur,
3429 3708 3556 3751 nam
3587 3704 3686 3766 pars

2211 3787 2338 3858 iila,
2382 3786 2446 3849 in
2481 3804 2608 3865 qua
2643 3788 2776 3847 hoec
2823 3786 3035 3848 fabula
3065 3787 3446 3856 continetur,
3477 3790 3684 3844 extrema

2213 3888 2308 3943 est
2333 3882 2523 3943 totius
2543 3880 2844 3959 epistolae,
2873 3897 3012 3959 quae
3039 3880 3264 3960 incipit
3287 3879 3369 3941 ab
3393 3876 3541 3956 iltog
3567 3876 3684 3937 Pre-

2213 3978 2372 4038 toroa
2405 3976 2614 4039 audivi
2643 3974 2954 4055 quotam,
3001 3980 3150 4048 etc„
3183 3982 3330 4035 ante
3359 3989 3527 4050 quam
3549 3969 3686 4047 parti-

2211 4066 2352 4129 cula
2381 4067 2658 4146 epistolae
2687 4074 2783 4129 est
2811 4066 3096 4129 absoluta
3127 4073 3193 4129 et
3215 4064 3524 4145 completa,
3543 4068 3684 4139 utpa·

2209 4165 2302 4221 tet
2327 4177 2408 4221 ex
2437 4160 2652 4221 ultima
2686 4159 2966 4221 clausula
3000 4182 3017 4221 τ
3051 4161 3217 4224 Dm
3239 4166 3430 4223 auem
3455 4155 3681 4240 pacisdaet

2209 4254 2375 4317 vobis
2407 4253 2604 4333 juxta
2653 4270 2830 4317 mm
2873 4253 3272 4324 almoniam.
3319 4258 3388 4317 vt
3411 4250 3681 4315 conteratur

2215 4346 2512 4421 Salam,
2543 4351 2660 4407 etc.
2693 4346 2921 4418 Tertio,
2949 4346 3165 4426 Greg.,
3194 4346 3239 4409 l.
3263 4347 3680 4425 a,ep.s‚repre·

2209 4438 2495 4501 hendens
2531 4439 2840 4503 Serenum
2857 4483 2876 4510 ‚
2903 4438 3056 4501 dicit
3089 4438 3332 4501 nulium
3357 4438 3676 4515 antiquorum

2209 4534 2464 4595 Patrum
2511 4548 2736 4593 ausum
2793 4550 2932 4593 esse
2985 4532 3298 4613 imagines
3337 4530 3680 4605 confringere,

2203 4643 2414 4703 neque
2439 4624 2518 4685 de
2539 4626 2664 4687 ullo
2685 4627 2804 4687 hoc
2821 4644 2960 4687 ease
2979 4626 3297 4704 scriptum.
3319 4624 3543 4697 Quarto,
3565 4636 3672 4681 con·

2202 4724 2326 4779 stat
2351 4737 2429 4780 ex
2451 4718 2698 4797 Chrys„
2729 4719 2947 4791 Basil.,
2977 4720 3232 4792 Athon,
3253 4720 3424 4798 Greg.
3447 4716 3663 4779 Nazianz.

2199 4819 2260 4873 et
2291 4812 2438 4890 NyS.
2459 4857 2479 4887 ,
2525 4818 2589 4873 et
2629 4811 2764 4873 aliis
2805 4812 3092 4873 Patribus
3117 4811 3450 4892 Epiphanio
3473 4805 3666 4885 aequali·

2194 4903 2334 4979 bus,
2377 4922 2454 4965 ea
2500 4911 2682 4965 aetate
2737 4922 2920 4965 usum
2971 4904 3312 4985 imaginum
3357 4904 3416 4963 in
3453 4898 3668 4962 Ecclesia

2194 4996 2428 5071 Graeca,
2463 5003 2526 5057 et
2559 4998 2848 5059 universo
2889 4998 3145 5060 Oriente
3171 4993 3658 5075 frequentissimum

2195 5090 2411 5151 fuisse.
2433 5090 2545 5163 Qui
2573 5108 2722 5169 ergo
2743 5091 3109 5151 verissimile
3137 5097 3232 5153 est
3251 5106 3460 5151 novum
3483 5093 3534 5147 et
3555 5086 3657 5145 inu-

2197 5184 2450 5245 sitatum
2499 5182 2844 5261 Epiphanio
2889 5184 3090 5245 visum
3127 5188 3311 5245 esse?
3353 5188 3448 5243 aut
3489 5179 3532 5238 si
3573 5176 3653 5235 hoc

2194 5282 2409 5339 contra
2441 5278 2828 5354 Scripturam
2873 5295 3012 5339 esse
3061 5268 3650 5352 crediditmtihidiei-

2193 5371 2355 5448 tur),
2387 5369 2704 5448 quomodo
2749 5376 3010 5431 caeteros
3039 5388 3282 5431 errores
3321 5376 3486 5447 atque
3508 5365 3647 5425 haeoe·

542 5467 761 5528 contra
792 5459 1045 5541 haeres„
1076 5461 1269 5527 verbo
1311 5462 1563 5541 Imago,
1612 5461 1902 5546 quamvis
1957 5461 2108 5545 Epi-
2190 5480 2291 5527 ses
2325 5462 2724 5547 impugnans»,
2759 5480 3086 5549 nunquam
3116 5463 3274 5527 hunc
3308 5476 3468 5523 usum
3493 5470 3646 5541 repre·
