3892 6167
1410 270 1728 327 nisenus.
1761 270 1862 325 Lv.
1894 270 2066 325 SECT.
2104 277 2141 329 Ι.

144 374 351 439 bilem
387 374 685 439 venerari.
727 372 859 438 Sed
884 370 1256 437 Sanctorum
1280 371 1559 452 reliquiae
1588 374 1735 434 sunt

140 466 548 533 insensibilia
580 482 851 549 corpora.
882 464 1061 546 Erqo
1092 464 1353 529 stultum
1389 472 1475 529 est
1503 484 1606 530 eas
1629 485 1734 530 ve-

147 578 407 626 ueram.

250 658 310 719 3.
345 654 660 720 praterea
674 700 693 729 ,
721 671 937 737 corpus
960 659 1263 719 mortuum
1296 670 1418 717 non
1446 657 1533 718 est
1571 653 1736 735 eius-

158 751 306 813 dem
332 749 553 830 speciei
564 764 698 813 cum
718 766 963 830 corpore
986 748 1118 813 vivo
1132 772 1159 819 ,·
1179 753 1236 813 et
1244 767 1363 831 per
1384 766 1737 829 consequens

158 860 292 906 uon
329 843 575 906 videtur
603 860 723 906 esse
761 859 1006 905 numero
1042 842 1226 907 idem.
1269 842 1446 924 Erqo
1496 842 1740 905 videtur

160 936 337 1017 quod
351 939 493 1017 post
517 940 769 998 mortem
795 932 1064 1014 alicujus
1090 933 1318 1000 Sancti
1354 952 1569 1017 corpus
1610 934 1739 1014 ejm

158 1046 295 1091 non
321 1028 407 1092 sit
432 1028 833 1093 adorandum.

257 1123 395 1188 Sed
404 1126 615 1188 contra
634 1127 721 1187 est
739 1124 902 1204 quod
922 1123 1154 1189 dicitur
1168 1124 1239 1188 in
1265 1122 1374 1188 lib.
1401 1124 1473 1188 de
1497 1121 1733 1188 Eccles.

164 1216 647 1300 doqmatibus¹z
680 1214 1053 1281 Sanctorum
1094 1234 1348 1299 corpora
1369 1267 1384 1293 ‚
1416 1220 1475 1281 et
1508 1218 1741 1298 proeci-

153 1330 295 1393 pue
325 1312 631 1374 beatorum
650 1310 1017 1389 Martyrum
1038 1310 1357 1390 reliquias,
1379 1330 1452 1375 ac
1466 1311 1524 1373 si
1553 1308 1744 1373 Chri-

165 1404 265 1468 sti
290 1403 595 1469 membra.
630 1402 1033 1467 sincerissime
1061 1403 1438 1477 honoranda,
1481 1402 1737 1479 scilicet,

170 1496 501 1561 credimus.
538 1494 633 1559 Et
655 1500 870 1577 postea
900 1496 1220 1560 subditur:
1245 1495 1328 1560 Si
1369 1497 1508 1576 quis
1532 1501 1743 1561 contra

170 1592 345 1655 hanc
385 1590 752 1653 sententiam
797 1589 947 1654 velit
990 1608 1130 1668 esse,
1160 1608 1283 1653 non
1324 1589 1739 1669 Christianus,

168 1686 291 1749 sed
342 1682 769 1748 E'mtomianus
816 1688 875 1748 et
944 1672 1413 1769 Viqilantianus
1450 1685 1741 1750 creditur.

262 1776 619 1859 Respondeo
643 1778 983 1851 dicendum,
1005 1780 1167 1858 quod
1186 1778 1343 1843 sicut
1365 1778 1749 1861 Auqustinus

176 1872 341 1936 dicit
378 1871 451 1934 in
488 1870 595 1936 lib.
630 1872 705 1935 de
742 1870 928 1936 Civit.
957 1872 1077 1935 Dei
1102 1872 1152 1950 ²,
1181 1873 1238 1935 si
1255 1876 1526 1954 paterna
1569 1872 1751 1938 vestis

176 1969 245 2029 et
260 1963 549 2039 annulus,
572 1983 645 2029 ac
661 1964 717 2028 si
736 1966 887 2045 quid
908 1969 996 2029 est
1021 1965 1389 2045 huiusmodi,
1410 1970 1582 2031 tanto
1604 1969 1750 2033 cha-

178 2060 323 2121 rius
340 2062 424 2122 est
440 2057 724 2139 posteris,
746 2063 972 2137 quanto
1013 2076 1160 2142 erqa
1179 2064 1471 2142 parentes
1497 2065 1581 2124 est
1611 2078 1752 2124 ma-

164 2150 289 2230 jor
314 2152 593 2231 affectus,
624 2150 797 2213 nullo
842 2153 1013 2215 modo
1057 2152 1196 2235 ipsa
1238 2154 1577 2234 spernenda
1608 2160 1751 2217 sunt

184 2262 468 2327 corpora,
511 2262 647 2325 quoe
677 2246 887 2325 utique
924 2245 1118 2309 multo
1150 2246 1539 2326 familiarius
1570 2252 1753 2328 atque

188 2338 602 2417 conjunctius,
633 2355 818 2418 quam
848 2338 1131 2419 quoelioet
1156 2339 1509 2403 indumenta
1545 2344 1755 2423 qesta-

188 2434 481 2507 mus,ha·c
500 2434 657 2496 enim
680 2435 767 2497 ad
786 2433 987 2515 ipsam
1012 2439 1303 2499 naturam
1330 2434 1590 2499 hominis
1602 2454 1756 2519 per-

189 2526 407 2590 tinent.
438 2525 549 2589 Eu
570 2542 684 2607 quo
708 2530 913 2608 patet,
942 2529 1104 2607 quod
1129 2528 1237 2610 qui
1265 2530 1439 2592 habet
1467 2530 1758 2609 affectum

191 2620 281 2683 ad
302 2618 591 2699 aliqum,
610 2620 796 2683 etiam
828 2638 920 2694 ea,
950 2623 1169 2701 quoede
1194 2622 1325 2703 ipso
1342 2626 1488 2703 post
1508 2628 1759 2687 mortem
1881 2692 1899 2701 ,

191 2712 645 2793 relinquuntur,
676 2718 1003 2778 veneratur
1015 2738 1043 2786 ,·
1060 2732 1180 2778 non
1196 2714 1392 2779 solum
1417 2734 1632 2798 corpus
1649 2721 1759 2780 aut

184 2810 406 2887 partes
431 2806 702 2888 corporis
728 2807 878 2887 ejus,
910 2809 1017 2872 sed
1041 2809 1227 2873 etiam
1253 2808 1470 2891 aliqua
1497 2810 1761 2873 euterio-

192 2920 293 2977 ra,
318 2907 478 2982 puta
503 2907 713 2976 vestes,
738 2906 795 2965 et
819 2902 1076 2968 similia.
1096 2904 1504 2984 Manifestum
1526 2910 1612 2969 est
1640 2924 1757 2969 au-

192 3002 317 3059 tem
337 2998 495 3077 quod
516 2995 779 3062 Sanctos
802 2998 923 3061 Dei
944 3000 1013 3061 in
1028 2998 1407 3062 veneratione
1425 3000 1641 3064 habere
1660 3000 1760 3065 de·

201 3090 418 3167 bernus,
446 3095 739 3171 tanquam
765 3092 1031 3156 membra
1061 3090 1333 3167 Christi,
1362 3094 1481 3157 Dei
1506 3093 1675 3171 filios
1700 3099 1759 3159 et

203 3184 445 3260 amicos,
469 3188 525 3248 et
548 3189 785 3250 nostros
807 3187 1249 3251 intercessores.
1272 3184 1367 3249 Et
1391 3187 1525 3250 ideo
1554 3206 1759 3252 eorum

199 3276 497 3356 reliquias
509 3278 946 3361 qualescunque
966 3282 1185 3345 honore
1200 3298 1460 3363 conqruo
1478 3280 1545 3345 in
1558 3300 1761 3345 eorum

197 3371 549 3435 memoriam
589 3374 870 3437 venerari
916 3374 1204 3450 debemus,
1234 3378 1293 3437 et
1316 3375 1625 3457 proecipue
1662 3394 1763 3439 eo-

197 3480 338 3525 rum
376 3482 653 3546 corpora,
694 3482 829 3547 quoe
858 3469 1113 3545 fuerunt
1142 3466 1372 3547 templa
1419 3471 1479 3530 et
1527 3486 1765 3550 orqana

199 3554 490 3637 Spiritus
523 3557 749 3623 Sancti
780 3560 849 3622 in
876 3559 963 3623 eis
984 3558 1323 3624 habitantis
1348 3564 1405 3624 et
1432 3561 1762 3643 operantis,

200 3654 257 3713 et
288 3654 435 3713 sunt
473 3652 715 3733 corpori
752 3652 993 3716 Christi
1018 3653 1464 3736 conliquranda
1480 3672 1602 3735 per
1624 3654 1767 3737 qlo-

196 3743 429 3807 riosam
452 3746 965 3811 resurrectionem,
1012 3746 1192 3811 Unde
1220 3752 1277 3811 et
1302 3746 1433 3829 ipse
1461 3748 1627 3811 Deus
1654 3749 1771 3811 hu·

180 3838 466 3919 jusmodi
495 3840 793 3921 reliquias
825 3842 1238 3906 convenienter
1264 3844 1547 3917 honorat,
1577 3844 1645 3907 in
1667 3862 1769 3909 eo·

198 3951 341 3997 rum
355 3934 690 4016 proesentia
716 3934 1021 4001 miracula
1049 3935 1351 4014 faciendo.

286 4026 396 4090 Ad
428 4028 705 4109 primum
735 4047 875 4111 erqo
923 4028 1261 4104 dicendum,
1301 4030 1463 4109 quod
1489 4032 1615 4095 hoec
1639 4030 1771 4110 fuit

198 4122 373 4187 ratio
437 4122 775 4205 Viqilantii
788 4174 803 4201 ‚
833 4124 1009 4204 cujus
1033 4125 1213 4188 verba
1237 4124 1572 4189 introducit
1610 4124 1773 4189 Hie-

198 4234 495 4296 ronymus
520 4217 591 4279 in
630 4216 785 4282 libro
834 4234 1005 4299 quem
1038 4221 1251 4282 contra
1292 4234 1425 4280 eum
1478 4216 1693 4282 scribit
1719 4216 1768 4295 ³,

201 4308 467 4373 dicentis
478 4336 501 4371 .·
528 4306 733 4390 Prope
759 4308 951 4372 ritum
983 4308 1323 4374 Gentilium
1364 4309 1634 4373 videmus
1666 4311 1775 4374 sub

188 4408 513 4485 proeteutu
548 4402 871 4486 reliqionis
904 4403 1344 4474 introductum
1361 4402 1777 4485 pulvisculum

200 4496 405 4561 nescio
424 4512 598 4576 quem
622 4497 691 4559 in
714 4496 943 4561 modico
965 4495 1231 4571 vasculo,
1247 4498 1515 4578 pretioso
1545 4495 1778 4561 lintea-

202 4590 374 4656 mine
422 4590 882 4664 circumdatum,
916 4590 1251 4655 osculantes
1296 4592 1579 4655 adorant.
1623 4589 1780 4654 Con·

205 4688 317 4748 tra
344 4700 517 4765 quem
544 4682 957 4763 Hieronymus
980 4729 997 4760 ,
1024 4684 1093 4746 in
1118 4702 1209 4767 ep.
1245 4683 1330 4748 ad
1354 4683 1689 4766 Riparium
1714 4682 1775 4746 ⁴:

298 4870 317 4911 ¹
361 4871 428 4934 C.
456 4872 558 4948 73,
582 4871 649 4934 in
678 4870 907 4953 princ„
938 4868 1207 4932 habetur
1236 4868 1401 4933 inter
1431 4887 1625 4950 opera
1653 4867 1778 4930 Au·

227 4966 492 5048 gustini,
519 4972 670 5029 tom.
700 4966 757 5027 3.

296 5056 323 5099 ²
364 5061 433 5122 L.
462 5063 521 5136 t,
544 5076 601 5122 c.
631 5060 733 5136 ¹3,
762 5064 916 5122 tom.
939 5060 1002 5121 5.

300 5152 325 5194 ³
368 5155 439 5215 ln
467 5170 569 5233 ep.
608 5154 690 5217 ad
724 5153 1043 5235 vigilant„
1072 5170 1199 5215 non
1229 5150 1446 5232 procul
1474 5169 1513 5214 a
1544 5150 1775 5232 princ„

213 5255 263 5311 t.
300 5250 361 5311 3.

304 5340 327 5381 ⁴
366 5340 589 5421 Incipit
611 5342 775 5423 epist
798 5340 1085 5427 Acceptis
1090 5339 1369 5424 primum
1380 5336 1611 5406 litteris
1631 5335 1785 5416 tuis,

216 5452 353 5498 uon
386 5434 604 5516 procul
630 5454 669 5497 a
695 5434 893 5516 princ.

1812 371 1952 437 Nos
1975 388 2094 435 nou
2129 371 2262 437 dico
2288 371 2649 451 Martyrum
2672 370 2992 455 reliquias,
3021 373 3128 436 sed
3149 390 3258 439 uec
3277 394 3382 439 so-

1815 462 1955 538 lem,
1981 483 2087 531 uec
2121 464 2359 538 lunam,
2387 482 2494 529 nec
2527 462 2795 547 Anqelos
2828 466 3174 543 adoramus,
3199 468 3379 533 scili-

1814 560 1925 632 cet,
1958 558 2315 623 adoratione
2344 555 2577 632 latrice,
2604 560 2966 623 honoramus
2992 563 3196 623 autem
3222 562 3344 625 reli
3363 594 3378 611 ·

1816 652 1997 733 quias
2018 653 2404 734 Martyrum,
2433 658 2504 717 ut
2533 670 2684 729 emn,
2726 650 2898 733 ciffus
2932 660 3076 716 sunt
3121 654 3384 735 Marty-

1814 762 1933 818 res,
1950 747 2268 811 adoremus
2280 769 2307 818 ;
2331 748 2692 811 honoramus
2715 764 2935 819 servos,
2954 751 3022 809 ut
3043 748 3230 811 honor
3249 765 3384 811 ser-

1816 857 2026 903 vorum
2051 842 2345 904 redundet
2370 842 2456 904 ad
2480 840 2829 904 Dominum.
2869 838 2982 903 Sic
3009 857 3150 923 erqo
3195 841 3385 905 hono-

1816 934 2013 997 rando
2039 932 2338 1015 reliquias
2365 932 2739 998 Sanctorum
2764 983 2779 1010 ‚
2817 950 2938 996 non
2961 932 3294 998 incidimus
3316 934 3386 996 in

1822 1044 2084 1091 errorem
2111 1026 2468 1104 Gentilium,
2491 1027 2600 1107 qui
2631 1026 2862 1091 cultum
2887 1025 3103 1092 latrias
3126 1029 3383 1093 mortuis

1822 1122 2164 1185 hominibus
2187 1123 2561 1187 exhibebant.

1902 1215 2012 1279 Ad
2047 1217 2370 1282 secundum
2412 1216 2752 1293 dicendum,
2783 1218 2944 1297 quod
2968 1235 3184 1299 corpus
3221 1216 3389 1282 illud

1822 1309 2170 1374 insensibile
2197 1328 2316 1374 non
2343 1311 2672 1373 adoramus
2687 1314 2946 1391 propter
2973 1311 3258 1393 seipsum,
3284 1314 3390 1375 sed

1814 1408 2074 1486 propter
2098 1404 2372 1468 animam
2398 1417 2530 1484 quae
2557 1403 2688 1483 suit
2733 1404 2792 1467 ei
2825 1404 3028 1483 unita,
3059 1422 3197 1485 quoe
3227 1423 3388 1470 nuuc

1822 1497 2063 1577 fruitur
2106 1498 2255 1575 Deo,
2287 1502 2343 1561 et
2385 1501 2637 1579 propter
2673 1496 2889 1575 Deum,
2921 1498 3096 1579 cujus
3133 1500 3386 1577 fuerunt

1824 1589 2124 1655 ministri.

1905 1684 2014 1749 Ad
2035 1685 2288 1749 tertium
2306 1685 2647 1752 dicendum.
2673 1688 2832 1768 quod
2849 1704 3064 1768 empus
3085 1689 3390 1749 mortuum

1827 1776 2093 1858 alicujus
2121 1777 2346 1843 Sancti
2367 1798 2487 1843 non
2507 1786 2596 1845 est
2619 1780 2780 1844 idem
2805 1797 3050 1843 numero
3077 1780 3238 1860 quod
3253 1780 3392 1862 pri-

1826 1890 1921 1937 mo
1933 1873 2063 1950 fuit
2092 1874 2236 1936 dum
2260 1874 2506 1951 viveret,
2530 1881 2793 1957 propter
2817 1873 3230 1937 diversitatem
3254 1876 3394 1952 for-

1826 1983 1962 2042 mat,
1989 1982 2123 2047 quoe
2149 1970 2236 2028 est
2263 1966 2472 2031 anima
2485 1990 2512 2037 ;
2532 1971 2848 2031 esttamen
2870 1966 3034 2030 idem
3063 1966 3390 2029 identitate

1826 2058 2126 2134 materioe,
2151 2076 2287 2141 qua·
2305 2063 2394 2122 est
2417 2059 2642 2121 iterum
2661 2076 2787 2125 sua·
2814 2060 3033 2139 somme
3055 2058 3343 2123 unienda.

1912 2206 2144 2271 Littera
2175 2206 2248 2269 D.
2269 2206 2526 2269 Thomae
2554 2213 2616 2270 et
2638 2224 2754 2287 per
2782 2224 2850 2269 se
2880 2208 3048 2270 clara
3078 2212 3192 2282 est,
3233 2211 3299 2269 et
3325 2206 3394 2269 in

1834 2300 2126 2380 sequenti
2149 2299 2572 2382 disputatione
2604 2301 2875 2381 amplius
2905 2298 3333 2363 illustrabitur.

2309 2503 2761 2569 DISPUTATIO
2802 2504 2924 2579 ΙΝ,

2201 2657 2260 2708 ln
2283 2654 2420 2708 duas
2441 2654 2708 2709 sectiones
2741 2654 3040 2709 distributa.

1945 2820 2022 2870 1)ss
2059 2819 2456 2875 altmannum:
2493 2818 2680 2867 cumn
2713 2820 2794 2867 m·
2829 2818 3278 2867 mumolus.

1916 2993 1987 3054 In
2038 2992 2155 3055 hac
2201 2990 2624 3071 disputatione
2676 2991 2888 3055 omnia
2918 2990 3076 3065 'illa‚
3129 3006 3272 3069 quae
3323 2989 3405 3053 de

1838 3088 2221 3167 imaginibus
2251 3092 2518 3150 tractata
2551 3092 2721 3162 sunt,
2767 3086 3082 3168 sigillatim
3113 3084 3310 3167 quaeri
3345 3091 3410 3147 et

1838 3180 2201 3260 investigari
2221 3187 2497 3261 possent.
2529 3182 2791 3257 Tamen,
2817 3182 2966 3259 quia
2985 3180 3147 3243 ratio
3178 3179 3408 3242 doctri-

1838 3292 1937 3337 nae
1965 3274 2184 3336 similis
2213 3281 2330 3348 est,
2361 3280 2427 3335 et
2450 3272 2674 3336 eadem
2703 3273 2835 3335 fere
2865 3273 3272 3353 proportione
3300 3290 3408 3353 ap·

1841 3367 2059 3448 plicari
2087 3373 2322 3448 potest,
2367 3366 2510 3429 ideo
2537 3366 2788 3428 brevius
2817 3366 3166 3428 doctrinam
3199 3364 3280 3427 de
3307 3382 3410 3426 re-

1840 3461 2180 3542 liquiarum
2199 3460 2371 3524 cultu
2389 3459 2902 3539 complectemur,
2927 3458 3092 3521 illius
3117 3458 3410 3519 honesta-

1847 3560 1978 3617 tem
2006 3560 2070 3617 et
2095 3553 2356 3616 modum
2376 3598 2395 3625 ,
2441 3570 2554 3615 seu
2584 3557 2877 3614 naturam
2908 3556 2970 3614 et
2997 3550 3278 3630 speciem
3305 3568 3409 3611 ex-

1845 3645 2164 3728 plicando.
2219 3645 2488 3709 Nomine
2545 3652 2762 3708 autem
2817 3643 3229 3724 reliquiarum
3281 3660 3413 3705 non

1845 3746 2090 3804 tantum
2109 3741 2476 3803 Sanctorum
2499 3754 2786 3819 corpora,
2806 3736 2907 3799 vel
2930 3754 3148 3799 eorum
3173 3742 3406 3816 panse,

1847 3834 1963 3897 sed
1992 3832 2183 3896 etiam
2215 3836 2423 3896 vestes
2445 3875 2468 3907 ,
2503 3837 2567 3893 et
2589 3829 2714 3893 alia
2739 3829 3003 3906 similia,
3034 3828 3268 3909 quibus
3291 3826 3414 3909 ipsi

1849 3926 2201 4010 specialiter
2226 3927 2320 3988 usi
2351 3931 2520 4000 sunt,
2551 3922 3164 4006 comprehendimus.

2481 4115 2700 4169 sEcno
2731 4115 2775 4168 1.

1861 4235 2052 4295 Utrum
2067 4232 2396 4293 Sanctorum
2414 4231 2670 4304 reliquioe
2686 4233 2748 4289 in
2763 4230 3116 4291 veneratione
3139 4237 3192 4289 et
3211 4230 3418 4291 honore

2439 4316 2699 4374 habendae
2724 4317 2854 4375 sint.

1943 4496 2002 4557 1.
2063 4488 2350 4553 Haeretici
2399 4491 2638 4568 negant
2691 4486 2985 4568 reliquias
3044 4488 3417 4551 Sanctorum

1859 4583 2214 4650 adorandas
2247 4598 2403 4655 esse,
2447 4580 2546 4643 vel
2585 4598 2622 4641 a
2652 4578 2945 4643 fidelibus
2977 4579 3422 4643 custodiendas

1860 4687 1924 4743 et
1946 4674 2432 4743 conservandas.
2473 4672 2666 4755 Cujus
2698 4673 2952 4737 haeresis
2979 4680 3200 4735 auctor
3225 4671 3423 4733 fertur

1860 4792 2001 4837 esse
2017 4769 2406 4851 vigilantius.
2441 4767 2564 4831 Sed
2579 4766 2754 4829 illum
2772 4766 2840 4828 in
2857 4765 2976 4826 hoc
2996 4780 3208 4826 errore
3225 4764 3422 4826 fuisse

1859 4866 2239 4947 discipulum
2268 4860 2580 4937 Eunomii‚
2610 4860 2802 4923 refert
2828 4858 3284 4939 HieronymuS,
3317 4874 3420 4937 ep.

1863 4961 1947 5024 ad
1991 4957 2314 5041 Riparium
2344 5000 2362 5031 ,
2409 4961 2473 5017 et
2521 4954 2564 5014 l.
2620 4956 2838 5015 contra
2882 4950 3178 5031 vigilant.
3207 4999 3225 5025 ,
3277 4949 3426 5012 dicit

1866 5055 2058 5117 etiam
2087 5069 2229 5115 eum
2263 5048 2457 5111 fuisse
2491 5046 2796 5108 imitatum
2839 5041 3089 5105 Judaeos
3118 5050 3180 5105 et
3207 5042 3427 5105 Sama-

1862 5150 2100 5214 titanos
2115 5190 2137 5223 ,
2181 5143 2287 5225 qui
2316 5142 2594 5203 humana
2619 5136 2932 5200 cadavera
2957 5136 3420 5197 abominantur.

1862 5240 1989 5307 Sed
2006 5245 2068 5303 et
2083 5243 2228 5301 ante
2245 5232 2619 5299 Eunomium
2639 5230 2960 5293 Gnosticos
2980 5227 3430 5309 contempsisse

1864 5336 2193 5416 Martyres,
2213 5345 2343 5393 non
2363 5334 2491 5391 tam
2509 5342 2730 5389 eorum
2748 5322 3040 5406 reliquias
3055 5338 3244 5402 quam
3266 5338 3430 5383 mar·

1868 5428 2034 5511 tyria
2058 5423 2500 5506 despicientes,
2532 5416 2722 5482 refert
2744 5418 2935 5493 tren„
2961 5414 3007 5477 l.
3038 5418 3099 5491 3,
3131 5434 3187 5479 c.
3218 5416 3334 5491 203
3367 5418 3431 5479 ct
