3892 6167
82 1061 89 1216 f

1407 344 1644 412 QUAEST.
1675 341 1850 398 xxvl.
1883 339 2085 398 Anne.
2122 341 2184 397 ΙΙ.

261 445 378 512 Aa
393 447 676 528 primum
701 461 842 528 erqo
870 443 1206 523 dicendum,
1234 447 1394 528 quod
1417 448 1474 510 ri
1508 447 1758 511 subtra-

185 542 378 604 hatur
428 539 650 604 divina
690 544 920 604 natura
971 559 1012 603 a
1053 538 1320 618 Christo,
1365 543 1758 606 rubtraltetur

173 652 291 713 per
319 651 684 716 consequens
711 635 785 698 ab
814 653 876 698 eo
902 635 1243 718 singularia
1255 635 1579 718 plenitudo
1599 654 1756 718 ,qra-

181 726 445 807 tiarum,
473 747 611 811 quoe
636 729 906 794 convenit
942 731 1017 806 ei,
1047 731 1116 794 in
1141 735 1440 812 quantum
1464 735 1554 795 est
1597 730 1756 795 Uni·

179 821 430 902 genitus
470 843 512 887 a
551 822 770 900 Patre,
799 829 869 888 ut
897 824 1128 888 dicium·
1154 825 1378 889 Joann.
1411 830 1468 890 2.
1497 824 1610 888 Ea·
1632 841 1756 905 qua

180 915 434 992 quidem
472 915 860 1000 plenitudine
900 919 1101 993 habet,
1126 923 1198 982 ut
1221 919 1308 983 sit
1333 937 1515 1002 super
1557 936 1757 983 omnes

181 1010 458 1075 homines
490 1012 874 1088 constitutus,
910 1017 970 1076 et
998 1013 1410 1096 propinquius
1444 1013 1530 1077 ad
1559 1013 1756 1076 Deum

179 1107 490 1172 accedens.

253 1199 378 1262 Aa
399 1205 724 1266 secundum
753 1202 1091 1278 dicendum,
1133 1202 1295 1282 quod
1319 1199 1627 1276 Christus,
1654 1221 1752 1266 se-

78 1363 80 1388 i
179 1295 450 1357 cundum
477 1297 640 1376 qued
659 1298 845 1372 Dm,
867 1305 956 1360 est
969 1315 1090 1380 per
1116 1295 1318 1360 omnia
1341 1295 1602 1376 oeqoealis
1622 1295 1752 1360 Pa-

76 1411 80 1474 s
181 1387 268 1449 tri
283 1411 316 1460 ;
343 1390 456 1452 sed
478 1392 666 1454 etiam
687 1391 758 1453 in
783 1393 1052 1456 humana
1075 1399 1306 1455 natura
1332 1391 1564 1454 excedit
1590 1391 1749 1454 alios

182 1482 475 1549 homines.
512 1483 612 1547 Et
639 1485 772 1548 ideo
799 1487 1124 1552 secundum
1147 1487 1308 1566 quod
1332 1485 1522 1558 homo,
1544 1489 1746 1566 potest

180 1593 302 1638 esse
372 1577 678 1642 mediator
708 1629 726 1656 ,
766 1597 888 1644 non
931 1585 1134 1644 autem
1202 1581 1522 1645 secundum
1589 1581 1750 1661 quod

175 1671 365 1736 Deus.

253 1767 376 1832 Aa
407 1771 658 1834 tertium
681 1772 1020 1849 dicendum,
1046 1773 1206 1852 quod
1233 1771 1376 1836 licet
1405 1770 1745 1835 auctorita·

175 1861 304 1925 tire
343 1871 664 1946 peccatum
714 1870 960 1945 auferre
1009 1867 1320 1932 conveniat
1371 1861 1616 1930 Christo
1652 1885 1745 1930 ae-

177 1959 448 2021 cundwm
481 1960 642 2040 qnod
668 1965 754 2024 est
781 1961 969 2035 Deus,
1012 1965 1214 2024 tamen
1237 1961 1594 2043 satisfacere
1631 1979 1743 2043 pro

165 2057 424 2133 peccato
452 2055 702 2118 humani
726 2056 964 2138 generis
1005 2057 1278 2120 convenit
1304 2057 1381 2132 ei,
1419 2059 1744 2122 secundum

173 2147 340 2226 quod
389 2152 480 2211 est
521 2149 708 2213 homo.
737 2149 834 2212 Et
859 2150 1180 2215 secundnm
1206 2151 1313 2217 hoe
1349 2151 1578 2217 dieitur
1623 2151 1744 2216 Dei

175 2245 232 2302 et
274 2241 584 2306 homiuum
612 2243 932 2310 mediator.

638 2431 1262 2500 COMMENTARIUS.

253 2607 312 2666 1.
360 2603 728 2685 Respondet
753 2608 936 2671 divus
961 2607 1234 2674 Thomas
1269 2609 1581 2675 Christum
1609 2631 1738 2675 non

173 2717 360 2780 posse
397 2699 520 2763 dici
549 2701 966 2768 mediatorem
1011 2711 1082 2768 ut
1116 2706 1338 2782 Deum,
1373 2707 1487 2770 sed
1515 2714 1585 2770 ut
1625 2708 1737 2770 ho·

175 2793 410 2855 minem
436 2839 453 2865 ‚
483 2795 656 2874 quod
698 2798 849 2859 satis
877 2797 1148 2862 dilucide
1201 2799 1268 2862 in
1297 2801 1556 2864 articulo
1594 2819 1738 2882 pro·

173 2883 306 2948 bat.
349 2887 421 2948 In
457 2887 638 2969 cujus
673 2891 1062 2970 expositione
1096 2892 1278 2973 plura
1317 2894 1439 2957 hoc
1471 2897 1610 2957 loco
1643 2895 1739 2957 di-

180 2996 326 3042 cere
377 2999 506 3042 non
551 2989 901 3064 oporteret,
951 2987 1071 3048 nisi
1125 2986 1482 3068 corrigendi
1527 2995 1739 3052 essent

185 3073 466 3136 haeretici
499 3075 684 3158 hujus
725 3079 1059 3158 temporis,
1109 3079 1216 3160 qui
1255 3081 1544 3162 imperite
1587 3083 1740 3144 satis

189 3166 272 3227 de
335 3166 568 3233 Christo
630 3173 978 3236 mediatore
1041 3173 1406 3254 loquuntur.
1473 3176 1738 3249 Quidam

185 3262 354 3321 enim
410 3281 486 3325 ex
540 3266 630 3328 eis
686 3267 1000 3332 affirmant
1037 3270 1490 3334 humanitatem
1543 3272 1736 3334 fuisse

179 3355 630 3423 mediatricem.
690 3363 812 3424 Alii
857 3362 1186 3440 divinitati,
1233 3366 1334 3428 vel
1375 3364 1618 3428 Christo
1665 3370 1734 3427 ut

177 3448 305 3509 Deo
331 3449 452 3514 hoc
475 3469 708 3518 munus
739 3457 1055 3533 tribuunt,
1086 3465 1156 3522 ut
1185 3459 1467 3522 referunt
1493 3459 1698 3522 Canis.
1704 3505 1726 3537 ,

173 3541 216 3602 1.
250 3545 279 3604 1
315 3544 398 3605 de
423 3543 770 3628 Corruptel.
810 3553 985 3615 verb.
1019 3553 1162 3629 Dei,
1191 3553 1260 3616 in
1285 3554 1631 3633 prooemi03
1665 3560 1729 3616 et

171 3635 426 3700 Robert.
467 3641 824 3717 Bell.,tom.
858 3649 888 3708 1
930 3646 1168 3723 Contr„
1197 3647 1241 3711 l.
1285 3651 1316 3710 1
1363 3647 1444 3710 de
1483 3645 1726 3710 Christo

165 3730 538 3811 mediatore,
563 3736 671 3799 ubi
693 3737 832 3801 fuse
859 3746 1075 3805 contra
1093 3743 1212 3806 hos
1241 3741 1567 3806 haereticos
1605 3741 1730 3803 dis-

164 3831 365 3903 putat.
401 3827 465 3890 Si
491 3836 706 3894 tamen
741 3851 870 3914 proe
905 3837 1102 3898 oculis
1127 3835 1481 3899 habeantur
1503 3835 1732 3915 princi·

162 3919 269 3996 pia
295 3937 488 4000 supra
515 3925 744 4004 posita,
779 3935 1002 4008 quaest.
1047 3931 1146 4004 16,
1193 3929 1272 3992 de
1305 3927 1730 3994 communica-

163 4012 335 4078 tione
363 4017 762 4098 idiomatum,
806 4039 937 4085 non
964 4023 1276 4105 oportebit
1301 4025 1422 4088 hoc
1449 4025 1587 4086 loco
1611 4023 1728 4084 im·

159 4110 420 4186 morari,
481 4113 596 4175 sed
643 4133 826 4178 veras
877 4117 1337 4200 propositiones
1379 4117 1674 4197 colligere
1700 4161 1722 4193 ,

159 4221 302 4283 quae
329 4224 409 4268 ex
433 4207 614 4271 dictis
637 4211 959 4292 principiis
985 4211 1166 4274 facile
1194 4211 1333 4277 elici
1358 4218 1640 4293 possunt.

239 4303 304 4362 2.
349 4300 556 4364 Primo
587 4321 740 4383 ergo
775 4305 1112 4368 dicendum
1151 4312 1267 4382 est,
1311 4305 1480 4368 hunc
1519 4305 1723 4367 homi·

157 4411 308 4454 nem
343 4392 654 4459 Christum
685 4415 826 4461 esse
851 4398 1265 4462 mediatorem
1293 4401 1402 4462 Dei
1433 4404 1496 4461 et
1522 4398 1721 4460 homi·

155 4504 336 4549 num.
369 4489 514 4552 Hoec
535 4497 632 4553 est
653 4490 734 4553 de
759 4491 911 4569 fide,
940 4495 1012 4555 ut
1027 4498 1202 4573 patet
1227 4511 1304 4557 ex
1331 4493 1396 4555 d.
1423 4499 1538 4556 art.
1565 4509 1720 4574 prae·

155 4580 324 4659 ced„
358 4586 422 4645 et
449 4581 722 4647 habetur
747 4603 1044 4665 expresse
1069 4591 1092 4652 Ι
1123 4587 1204 4648 ad
1222 4587 1383 4650 Tim.
1407 4593 1469 4650 2.

239 4680 300 4741 3.
323 4677 639 4755 Secundo,
661 4678 806 4742 hinc
825 4681 1133 4759 sequitur,
1161 4680 1446 4744 absolute
1475 4687 1540 4743 et
1567 4681 1720 4743 sim·

149 4771 404 4851 pliciter
441 4773 702 4835 concedi
747 4791 937 4854 posse
980 4781 1041 4837 et
1083 4773 1318 4838 debere
1346 4774 1624 4837 Verbum
1653 4779 1717 4837 et

150 4865 356 4928 Deum
407 4884 548 4930 esse
601 4867 1017 4930 mediatorem
1060 4869 1176 4932 Dei
1231 4875 1296 4932 et
1344 4869 1709 4944 hominum3

152 4962 303 5041 quia
329 4961 502 5041 quod
533 4960 820 5024 absolute
859 4962 1088 5025 dicitur
1112 4963 1193 5026 de
1221 4963 1480 5027 homine
1507 4963 1714 5026 Chris·

151 5061 242 5131 to,
273 5054 502 5118 dicitur
525 5073 641 5136 per
679 5057 1312 5120 communicationem
1338 5056 1711 5120 idiomatum

148 5147 234 5210 de
253 5148 462 5210 Verbo
481 5155 545 5211 et
563 5150 712 5223 Deo,
731 5153 1078 5230 praesertim
1104 5151 1213 5213 ubi
1237 5153 1389 5216 nihil
1421 5158 1514 5214 est
1538 5151 1710 5232 quod

147 5246 488 5324 repugnet,
519 5250 589 5306 nt
628 5261 850 5307 revera
878 5245 1184 5326 contingit
1221 5246 1288 5307 in
1324 5246 1444 5308 hoc
1471 5245 1709 5327 praedi-

147 5343 317 5411 cato,
345 5337 660 5402 mediator.
700 5340 982 5421 Denique
1009 5339 1286 5402 Verbum
1315 5345 1378 5404 et
1403 5343 1574 5402 Deus
1599 5340 1708 5402 ab·

147 5432 353 5494 solute
383 5430 612 5494 dicitur
649 5433 1031 5515 Redemptor
1064 5439 1128 5497 et
1157 5433 1440 5499 Pontifex
1469 5439 1706 5511 noster,

149 5529 214 5584 et
255 5542 370 5605 pro
416 5523 600 5589 nobis
638 5545 824 5590 suum
867 5528 1238 5609 sanguinem
1277 5527 1596 5604 effudisse,
1641 5533 1714 5592 ut

1837 444 1904 506 in
1933 440 2363 525 superioribus
2389 459 2553 522 soepe
2590 441 2829 506 dictum
2872 449 2985 522 est,
3012 449 3075 508 et
3092 445 3265 508 -satis
3288 463 3395 510 ex·

1836 557 2051 619 presse
2079 535 2347 600 habetur
2386 537 2524 599 Act.
2555 540 2657 614 22,
2700 539 2730 602 1
2776 536 2860 601 ad
2882 535 3019 604 Cor.
3048 541 3111 616 2,
3140 539 3225 604 ad
3251 540 3397 604 Phi-

1915 731 1978 788 4.
2008 725 2217 790 Tertio
2254 725 2593 790 dicendum
2620 731 2755 802 est,
2802 743 2948 790 eum
2996 728 3105 807 qui
3140 736 3238 794 est
3262 747 3397 793 me·-

1835 821 2069 897 diator,
2120 826 2184 884 et
2228 821 2511 884 exercuit
2555 838 2749 902 opera
2796 820 3157 887 mediatoris
3180 867 3197 898 ‚
3250 841 3391 886 esse

1834 917 2035 978 Deum
2074 915 2419 990 hominem,
2466 916 2552 978 ita
2600 920 2673 978 ut
2712 915 3089 998 principium
3116 919 3275 998 quod
3296 925 3391 980 ta·-

1835 1009 1989 1071 lium
2016 1026 2282 1088 operum
2302 1009 2383 1073 sit
2398 1011 2591 1087 Deus,
2610 1026 2729 1072 seu
2754 1008 2855 1072 hic
2886 1009 3098 1086 homo,
3126 1010 3389 1074 formale

1835 1109 2047 1166 autem
2074 1102 2453 1184 principium
2476 1122 2591 1186 quo
2618 1103 2899 1166 exercuit
2921 1120 3117 1184 opera
3157 1104 3390 1166 media-

1831 1199 2007 1275 toris,
2032 1198 2113 1260 sit
2133 1197 2515 1260 humanitas.
2548 1198 2697 1260 Haec
2716 1201 2812 1260 est
2834 1214 3015 1260 mens
3036 1197 3107 1262 D.
3134 1198 3389 1260 Thomas

1833 1294 1935 1355 bic
1966 1297 2031 1356 et
2058 1291 2343 1355 omnium
2368 1291 2833 1370 Theologorum
2874 1291 2941 1352 in
2982 1293 3045 1366 3,
3076 1291 3221 1355 dist.
3268 1295 3382 1368 193

1833 1392 1896 1450 et
1924 1389 2119 1465 Aug„
2145 1384 2303 1448 locis
2332 1385 2541 1447 statim
2564 1384 2854 1446 citandis.
2876 1385 2954 1447 Et
2978 1384 3283 1465 probatur
3300 1383 3387 1446 fa-

1829 1479 1946 1543 cile
1968 1479 2139 1560 prior
2158 1497 2330 1559 pars,
2352 1477 2583 1540 namin
2601 1477 2843 1540 Christo
2862 1482 3107 1542 tantum
3136 1482 3233 1540 est
3258 1497 3387 1540 una

1827 1591 2099 1655 persona
2134 1573 2380 1650 divina,
2408 1591 2551 1652 qute
2576 1579 2673 1636 est
2698 1563 2867 1636 Deus
2910 1577 2974 1636 et
3006 1572 3239 1652 homo;
3272 1574 3388 1636 sed

1829 1685 1965 1732 esse
1995 1666 2409 1730 mediatorem
2434 1673 2529 1730 est
2560 1667 2883 1746 proprium
2917 1683 3149 1728 munus
3172 1685 3388 1748 perso·

1827 1779 1952 1841 nee,
1996 1762 2147 1842 quia
2174 1761 2343 1824 illius
2380 1766 2479 1824 est
2518 1758 2767 1858 operari
2814 1764 3118 1839 tanquam
3157 1761 3387 1841 princi-

1823 1859 2001 1938 pium
2028 1857 2205 1940 quod.
2233 1855 2471 1918 Deinde
2500 1873 2691 1936 supra
2718 1853 2911 1918 variis
2932 1854 3109 1933 locis,
3127 1873 3387 1936 praeser-

1825 1953 1938 2016 tim
1964 1967 2027 2030 q.
2062 1955 2092 2014 1
2116 1995 2133 2026 ,
2162 1957 2281 2014 art.
2320 1953 2383 2026 2,
2424 1949 2553 2012 late
2595 1955 2921 2012 ostensum
2962 1955 3084 2023 est,
3114 1967 3245 2012 non
3270 1968 3387 2029 po-

1823 2045 2019 2108 tuisse
2038 2043 2345 2107 Christum
2373 2059 2515 2106 esse
2534 2041 2883 2124 perfectum
2895 2042 3385 2122 Redemptorem

1825 2146 1888 2202 et
1911 2138 2395 2216 satisfactorem,
2424 2137 2543 2200 nisi
2564 2142 2739 2200 ‚esset
2780 2135 2991 2200 divina
3015 2155 3313 2218 persona,
3344 2157 3383 2200 a

1821 2253 1950 2315 qua
2005 2234 2182 2297 valor
2230 2230 2669 2294 satisfactionis
2718 2237 2781 2294 et
2822 2230 3102 2312 perfecta
3137 2231 3381 2309 justitia

1821 2329 2132 2409 originem
2177 2325 2365 2390 traxit
2398 2345 2415 2402 3
2468 2325 2580 2390 sed
2622 2327 2747 2390 hoc
2791 2325 2966 2390 idem
3012 2331 3110 2390 est
3148 2343 3382 2388 munus

1815 2421 2077 2504 perfecti
2128 2422 2527 2494 mediatoris;
2558 2439 2733 2502 ergo.
2782 2421 2994 2484 Altera
3038 2437 3189 2484 vero
3231 2437 3379 2499 pars

1818 2517 2145 2597 probatur,
2166 2521 2399 2595 praeter
2433 2515 2746 2578 rationem
2772 2515 2845 2578 D.
2883 2512 3137 2576 Thomas
3158 2557 3180 2588 ,
3232 2512 3380 2592 quia

1820 2610 2101 2674 actiones
2128 2608 2517 2686 mediatoris,
2564 2626 2705 2688 quoe
2734 2613 2882 2670 sunt
2908 2607 3165 2684 mereri,
3199 2608 3380 2670 satis-

1817 2703 2025 2768 facere
2042 2749 2064 2780 ,
2110 2702 2493 2766 sacrificium
2518 2703 2749 2765 offerre
2764 2745 2786 2779 ,
2816 2701 3239 2783 interpellare,
3284 2701 3378 2764 di·

1817 2804 1971 2861 cunt
1994 2797 2427 2859 habitudinem
2446 2795 2531 2858 ad
2550 2813 2887 2877 personam
2904 2794 3247 2876 superioris
3267 2812 3377 2857 na-

1817 2899 1977 2955 turae
2001 2899 2065 2956 et
2090 2892 2463 2967 voluntatis3
2490 2908 2645 2970 ergo
2680 2889 2945 2953 formale
3000 2889 3377 2970 principium

1817 2988 2037 3050 talium
2062 2987 2497 3068 operationum
2514 3003 2645 3048 non
2664 2989 2875 3065 potest
2900 3001 3041 3048 esse
3064 2983 3373 3060 divinitas,

1817 3083 1985 3143 utin
2014 3081 2451 3162 superioribus
2481 3079 2671 3142 etiam
2708 3083 3037 3141 ostensum
3064 3081 3193 3150 θεὶς
3224 3093 3375 3156 ergo

1815 3173 2080 3238 formale
2108 3174 2507 3254 principium,
2532 3189 2647 3254 per
2682 3171 2856 3253 quod
2890 3170 3185 3235 convenit
3200 3167 3377 3236 Chri·

1817 3275 1914 3330 sto
1936 3285 2171 3330 munus
2196 3265 2585 3343 mediatoris,
2610 3284 2740 3328 non
2762 3271 3132 3346 potestesse
3154 3263 3377 3328 divini·

1813 3369 1934 3437 tas,
1958 3361 2072 3424 sed
2098 3361 2483 3422 humanitas.

1889 3459 1953 3518 5.
1981 3455 2239 3535 Quarto,
2268 3460 2733 3534 consequenter
2752 3453 2823 3518 fit
2848 3471 3057 3534 neque
3087 3453 3376 3518 divinita·

1810 3555 1938 3613 tem
1964 3593 1985 3626 ‚
2026 3565 2235 3628 neque
2262 3547 2721 3611 humanitatem
2748 3550 2815 3610 in
2844 3548 3157 3612 abstracto
3184 3564 3371 3628 posse

1811 3641 1936 3704 dici
1968 3642 2378 3705 mediatorem
2404 3661 2518 3704 seu
2544 3642 2999 3704 mediatricem.
3045 3641 3367 3717 Probatur,

1810 3735 1959 3818 quia
1984 3754 2193 3817 neque
2220 3737 2531 3809 divinitas,
2560 3754 2769 3818 neque
2792 3735 3151 3798 humanitas
3169 3753 3372 3800 mere·

1811 3837 1935 3907 tur,
1966 3849 2084 3894 nec
2112 3831 2433 3896 satisfacit.
2452 3834 2608 3894 Item
2627 3837 2851 3894 neutra
2868 3831 3118 3892 illarum
3138 3848 3370 3912 suppo-

1811 3926 1904 3988 nit
1933 3945 2049 4008 pro
2073 3944 2343 4008 persona
2370 3943 2510 4008 quae
2542 3931 2635 3990 est
2671 3927 2832 3989 Deus
2872 3931 2938 3989 et
2977 3926 3209 4000 homo;
3250 3924 3369 3988 hu-

1807 4022 2079 4084 manitas
2105 4027 2409 4102 proeterea
2433 4039 2548 4104 per
2572 4037 2641 4082 se
2664 4038 2793 4082 nou
2824 4027 2915 4084 est
2944 4019 3261 4082 sufficiens
3286 4017 3369 4080 ad

1805 4133 2037 4178 munus
2056 4115 2441 4192 mediatoriS,
2463 4117 2612 4196 quia
2646 4134 2756 4197 per
2785 4133 2855 4178 se
2878 4133 3009 4176 non
3032 4120 3241 4196 potest
3267 4131 3368 4175 sa·

1805 4209 2091 4272 tisfacere
2110 4211 2240 4272 Deo
2261 4209 2343 4272 de
2360 4210 2571 4292 rigore
2586 4211 2866 4291 justitia,
2891 4225 3033 4271 cum
3054 4227 3133 4272 ex
3152 4208 3214 4269 vi
3235 4223 3365 4270 suae

1805 4305 1854 4366 si
1859 4303 2280 4382 gnificationis
2304 4305 2674 4386 dignitatem
2691 4319 2977 4384 personat
2991 4303 3215 4366 divina)
3236 4321 3366 4366 non

1801 4396 2119 4475 includat3
2148 4397 2442 4461 divinitas
2470 4415 2623 4460 vero
2651 4415 2769 4459 nec
2794 4397 3049 4478 proprie
3078 4402 3175 4459 est
3200 4397 3367 4475 prin·

1799 4493 2031 4572 cipium
2045 4493 2222 4576 quod,
2238 4509 2358 4556 nec
2376 4510 2513 4574 quo,
2536 4508 2801 4574 operum
2818 4489 3197 4565 mediatoris;
3214 4505 3365 4569 ergo

1800 4587 1867 4648 in
1897 4587 2107 4668 rigore
2148 4591 2212 4650 et
2250 4588 2639 4668 proprietate
2666 4585 2977 4650 sermonis
3004 4603 3133 4647 non
3160 4587 3367 4665 potest

1800 4679 1924 4743 dici
1950 4681 2281 4747 mediator.

1879 4777 1941 4838 6.
1974 4776 2237 4852 Quinto,
2276 4779 2471 4853 Deus,
2499 4781 2611 4840 aut
2636 4777 2936 4855 Verbum,
2962 4778 3028 4839 in
3056 4784 3367 4859 quantum

1795 4871 1988 4944 Deae,
2014 4889 2143 4932 non
2170 4876 2381 4950 potest
2410 4871 2533 4934 dici
2574 4869 2907 4948 mediator,
2941 4877 3016 4934 ut
3048 4879 3221 4936 recte
3260 4869 3366 4936 hic

1794 4964 1868 5028 D.
1899 4965 2176 5027 Thomas
2204 4963 2410 5041 docet,
2438 4983 2584 5027 cum
2604 4965 2978 5045 Angustiae,
2995 4965 3039 5028 1.
3061 4969 3135 5030 10
3157 4965 3359 5041 Confi,

1791 5077 1847 5122 c.
1882 5061 1986 5135 43,
2009 5065 2073 5120 et
2100 5077 2225 5123 ser.
2259 5063 2331 5122 11
2366 5058 2446 5122 de
2471 5058 2691 5121 Verbis
2721 5060 3024 5141 Apostoli,
3053 5063 3187 5125 etl.
3214 5065 3256 5126 2
3281 5063 3361 5126 de

1789 5151 2002 5216 Gratia
2029 5151 2257 5218 Christ.
2265 5199 2286 5232 ‚
2306 5171 2363 5215 c.
2388 5155 2488 5218 28.
2509 5153 2747 5226 Quibus
2772 5153 2929 5217 locis
2952 5154 3034 5218 ad
3052 5155 3175 5220 hoc
3194 5173 3364 5218 com-

1787 5247 2183 5328 probandum
2248 5248 2555 5329 ponderat
2582 5292 2607 5326 ,
2659 5247 2803 5311 ideo
2870 5251 3155 5327 Paulum,
3184 5255 3217 5314 1
3284 5252 3367 5317 ad

1785 5341 1944 5404 Tim.
1974 5346 2013 5406 2
2028 5388 2051 5420 ‚
2076 5343 2346 5406 dixisse:
2387 5343 2559 5407 Unus
2589 5343 2889 5407 mediator
2917 5343 3057 5419 Dei,
3086 5351 3145 5409 ot
3170 5345 3363 5411 homi-

1796 5454 1965 5512 num,
1986 5437 2155 5501 homo
2186 5434 2474 5502 Christus
2497 5437 2551 5502 J
2553 5453 2714 5512 esus,
2740 5440 2812 5496 ut
2829 5435 3135 5501 indicaret
3155 5436 3363 5500 Chris-

1791 5531 1928 5593 tum
1956 5547 2083 5593 non
2120 5531 2343 5607 Deum,
2372 5531 2485 5594 sed
2514 5535 2583 5592 ut
2611 5526 2929 5596 hominem
2960 5547 3099 5594 esse
3123 5529 3364 5595 media-
