3892 6167
578 408 767 485 caput
817 399 1087 483 aperire,
1118 404 1183 461 et
1236 398 1485 476 similia,
1529 398 1617 461 ita
1668 397 1958 461 dicemur
1989 398 2143 461 sim-

577 498 823 581 pliciter
862 502 927 557 et
973 494 1225 575 proprie
1266 493 1403 555 illas
1444 492 1734 567 adorare,
1786 492 1935 573 quia
1971 490 2144 553 volu-

578 608 724 653 mus
752 588 909 651 tales
940 588 1216 650 actiones
1247 586 1411 649 circa
1432 586 1567 647 illas
1588 603 1903 660 exercere,
1926 585 2146 647 etiam-

581 684 633 745 si
656 681 919 746 intentio
948 681 1151 745 cultus
1177 680 1261 742 ad
1282 680 1419 742 illas
1438 698 1567 741 non
1587 680 1845 743 feratur.
1874 678 2000 741 Sed
2023 678 2144 739 hoc

579 796 711 841 non
738 782 909 839 recte
952 773 1192 837 dictum
1221 778 1341 851 est,
1372 773 1521 855 quia
1548 779 1621 835 ut
1645 791 1724 836 ex
1749 774 2038 835 Damaso.
2081 774 2146 833 et

581 872 799 933 Anast.
823 887 1015 949 supra
1046 868 1399 943 retulimuS,
1429 866 1715 931 adoratio
1762 872 1859 929 est
1894 864 2145 946 signum

580 982 698 1027 seu
728 962 1043 1045 emphasis
1073 961 1352 1037 honoris,
1393 960 1591 1041 quod,
1630 965 1705 1021 ut
1728 964 1897 1023 recte
1940 956 2147 1020 decla-

580 1062 781 1134 retur,
806 1055 1151 1137 respective
1175 1052 1658 1135 intelligendum
1707 1058 1824 1129 est,
1879 1051 2140 1127 scilicet,

583 1168 723 1213 esse
775 1149 1025 1231 signum
1072 1148 1331 1213 honoris
1376 1148 1487 1229 qui
1540 1148 1869 1211 exhibetur
1914 1146 2004 1207 illi
2051 1144 2145 1207 rei

582 1262 725 1326 quoe
750 1243 1000 1305 adorari
1028 1241 1283 1317 dicitur;
1317 1258 1490 1316 nam,
1520 1248 1593 1304 ut
1616 1259 1733 1323 per
1761 1259 1831 1303 se
1872 1244 2139 1312 constat,

582 1337 865 1401 adoratio
898 1354 1027 1399 non
1058 1344 1154 1399 est
1196 1337 1450 1418 signum
1494 1336 1681 1399 alieni
1711 1334 1998 1411 honoria,
2031 1333 2145 1397 sed

580 1431 817 1513 proprii
847 1430 983 1513 ejus
1000 1430 1107 1509 qui
1130 1431 1447 1493 adoratur.
1483 1432 1561 1491 At
1587 1447 1740 1493 vero
1760 1428 2014 1509 signum
2033 1426 2145 1489 ho-

580 1526 775 1601 noris,
799 1523 971 1605 quod
999 1524 1165 1587 circa
1193 1524 1529 1605 imaginem
1560 1528 1908 1600 exercetur,
1935 1521 2144 1583 sinon

579 1617 867 1699 procedit
893 1635 973 1679 ex
1008 1618 1351 1682 intentione
1392 1616 1746 1680 honorandi
1776 1615 2142 1697 imaginem,

583 1712 699 1777 sed
722 1713 927 1775 solum
968 1719 1373 1795 prototypon,
1403 1729 1535 1775 non
1574 1718 1669 1774 est
1696 1710 1898 1774 honor
1925 1708 2144 1789 imagi·

583 1807 707 1885 niS,
738 1825 945 1888 neque
989 1812 1085 1869 est
1130 1807 1380 1887 signum
1426 1804 1684 1867 honoris
1722 1804 1811 1867 illi
1844 1803 2142 1881 exhibiti3

586 1919 739 1983 ergo
762 1918 973 1981 neque
1002 1905 1099 1963 est
1125 1900 1409 1962 adoratio
1436 1888 1763 1979 imaginis.⁸
1795 1898 2003 1961 Minor
2037 1916 2146 1979 pa·

584 2000 698 2069 tet,
720 1995 867 2074 quia
887 1994 1114 2068 honor,
1140 1998 1212 2055 ut
1240 1992 1599 2055 Aristoteles
1626 1992 1804 2067 dixit,
1829 1991 2010 2055 estin
2033 1991 2148 2053 ho-

582 2093 876 2161 norante,
898 2094 963 2149 et
984 2087 1125 2151 ideo
1154 2087 1411 2149 omnino
1430 2086 1669 2167 pendet
1698 2103 1777 2149 ex
1798 2084 2147 2148 intentione

584 2180 983 2253 honorantis;
1035 2198 1186 2261 ergo
1231 2198 1379 2241 eum
1404 2182 1651 2241 tantum
1692 2177 1919 2256 aliquis
1951 2178 2149 2239 hono-

584 2282 705 2353 rat,
740 2292 928 2353 quem
954 2274 1271 2337 honorare
1289 2274 1423 2335 vult
1442 2280 1505 2337 et
1528 2272 1833 2351 intendit;
1858 2289 2039 2353 erg0,
2068 2270 2144 2348 si,

586 2368 929 2433 osculando
962 2368 1305 2449 imaginem
1332 2366 1579 2445 Christi,
1616 2385 1736 2449 ego
1767 2384 1901 2429 non
1946 2366 2150 2427 inten-

588 2464 671 2527 do
688 2464 996 2526 honorare
1019 2462 1223 2544 ipsam
1235 2461 1604 2543 imaginem,
1627 2460 1742 2523 sed
1758 2460 1966 2522 solum
1980 2456 2150 2523 Chri-

589 2565 779 2631 stum,
811 2574 1031 2619 revera
1054 2574 1186 2619 non
1208 2556 1451 2619 honoro
1481 2555 1850 2637 imaginem,
1870 2554 1988 2617 sed
2008 2559 2151 2615 tan-

588 2654 725 2713 tum
752 2649 1063 2715 Christum
1078 2670 1099 2725 3
1133 2668 1283 2731 ergo
1322 2667 1533 2730 neque
1566 2648 1786 2713 adoro.
1819 2648 1996 2711 Patet
2017 2648 2151 2709 hoec

589 2746 807 2808 ultima
835 2739 1311 2823 consequentia,
1339 2749 1475 2807 tum
1508 2762 1549 2805 a
1575 2743 1840 2823 paritate
1864 2742 2148 2819 rationis,

588 2844 726 2901 tum
754 2838 945 2901 etiam
966 2839 1116 2918 quia
1136 2836 1418 2899 adoratio
1440 2843 1502 2900 et
1522 2836 1852 2900 honoratio
1880 2836 1982 2899 vel
2006 2854 2154 2898 con-

590 2938 943 3008 vertuntur,
968 2931 1024 2993 si
1050 2936 1345 3012 respectu
1388 2930 1729 3010 superioris
1766 2947 1909 2991 cum
1938 2928 2152 2992 debita

588 3023 995 3107 proportione
1026 3028 1377 3099 sumantur,
1393 3023 1497 3085 vel
1513 3028 1680 3085 certe
1705 3022 1905 3085 honor
1930 3029 2027 3085 est
2049 3040 2152 3084 su·

588 3116 803 3201 perior
828 3117 913 3180 ad
936 3116 1367 3179 adorationem
1388 3160 1411 3193 ,
1460 3116 1611 3197 quia
1636 3116 1841 3177 omnis
1868 3114 2152 3179 adoratio

592 3216 689 3274 est
714 3211 939 3287 honor,
961 3210 1247 3289 quamvis
1271 3226 1401 3271 non
1433 3210 1639 3271 omnis
1663 3211 1866 3271 honor
1903 3208 1983 3272 sit
2002 3208 2153 3271 ado·

588 3304 771 3381 ratio,
794 3304 1043 3366 dicente
1058 3302 1434 3385 Augustino,
1448 3302 1560 3367 lib.
1576 3309 1743 3366 cont.
1768 3320 1889 3365 ser.
1904 3302 2149 3377 Arian„

589 3416 727 3479 cap.
766 3400 883 3461 23:
914 3396 1202 3461 Honorat
1251 3395 1445 3461 omnis
1480 3396 1588 3479 qui
1620 3398 1858 3473 adorat,
1897 3412 2020 3461 non
2060 3401 2156 3461 ta·

588 3510 723 3557 meu
748 3492 967 3555 adorat
990 3491 1183 3554 omnis
1207 3490 1315 3573 qui
1343 3490 1619 3557 honorat.

669 3588 773 3649 21.
836 3585 1044 3663 Atque
1100 3584 1253 3646 hinc
1303 3582 1583 3647 secundo
1631 3582 1886 3664 probari
1946 3587 2156 3664 potest

590 3678 909 3745 conclusio
940 3695 1018 3741 ex
1043 3676 1233 3741 variis
1280 3676 1701 3740 locutionibus
1737 3678 1845 3740 VII
1893 3678 2154 3760 Synodi,

590 3774 819 3853 quibus
874 3789 1007 3834 non
1056 3760 1323 3834 obscure
1360 3770 1676 3835 indicatur
1727 3770 2158 3835 adorationem

594 3865 878 3931 exhiberi
908 3864 1289 3947 imaginibus
1331 3881 1410 3927 ex
1454 3863 1805 3928 intentione
1854 3863 2158 3930 adorandi

592 3964 787 4045 ipsas,
826 3966 895 4025 et
933 3978 1065 4023 non
1089 3965 1340 4023 tantum
1365 3958 1754 4041 exemplaria
1788 3960 1857 4022 in
1886 3962 2038 4041 ipsis
2064 3980 2162 4025 re·-

592 4060 999 4139 praesentata.
1055 4053 1262 4117 Primo
1310 4052 1569 4134 quidem
1596 4096 1613 4125 ,
1674 4054 1822 4135 quia
1876 4053 2162 4118 adoratio

595 4152 945 4231 imaginum
968 4150 1311 4213 honoraria
1356 4166 1471 4212 seu
1515 4148 1865 4213 honorifica
1904 4149 2158 4227 dicitur,

594 4252 659 4307 et
681 4245 994 4325 imagines
1020 4244 1175 4323 ipsae
1203 4242 1605 4307 honorabiles
1644 4260 1719 4305 ac
1757 4244 2157 4307 venerandae.

596 4337 777 4401 Unde
804 4337 873 4399 in
902 4342 1024 4399 act.
1051 4340 1113 4413 7,
1140 4336 1209 4397 in
1231 4354 1331 4417 ep.
1363 4335 1555 4399 totius
1581 4336 1821 4417 Synodi
1838 4336 1921 4399 ad
1938 4354 2162 4400 omnes

595 4431 933 4507 Ecclesiae,
984 4430 1075 4493 sic
1124 4429 1391 4492 dicitur:
1435 4430 1893 4495 Honorabiliter
1938 4430 2163 4495 adora-

595 4542 755 4601 mus,
788 4524 1045 4601 scilicet,
1074 4522 1409 4603 imagines.
1436 4522 1595 4595 Quid
1622 4529 1837 4587 autem
1864 4541 2007 4587 esse
2039 4542 2158 4605 po·-

596 4624 723 4681 test
748 4616 1205 4680 honorabiliter
1232 4615 1520 4695 adorare,
1562 4617 1687 4679 nisi
1728 4636 1806 4681 ex
1832 4618 2046 4681 animo
2097 4622 2161 4681 et

598 4712 953 4775 intentione
1004 4710 1253 4773 colendi
1303 4710 1473 4791 ipsas
1516 4716 1578 4772 et
1620 4710 1975 4775 honorandi
2007 4711 2160 4775 ado·-

596 4824 741 4869 rare
767 4810 792 4869 ‘i
818 4803 1061 4868 Deinde
1110 4804 1261 4886 quia
1310 4809 1431 4866 act.
1486 4806 1551 4881 6,
1602 4804 1671 4867 in
1702 4803 1843 4882 fin„
1890 4806 2158 4869 dicitur:

595 4899 742 4967 Non
769 4900 1053 4979 indignas
1079 4899 1360 4963 habemus
1388 4898 1688 4981 imagines
1716 4900 1962 4976 honore,
1991 4901 2160 4965 salu-

597 4992 824 5057 tatione
841 4997 895 5055 et
920 4994 1318 5068 veneratione,
1362 4991 1729 5072 debitamque
1753 4990 1891 5055 illis
1912 5010 2158 5057 venera-

594 5088 815 5151 ciomm
844 5089 899 5151 et
947 5086 1353 5150 adorationem
1397 5086 1541 5149 dare
1571 5086 1862 5150 debemus.
1892 5086 1957 5148 Si
2005 5104 2156 5167 ergo

594 5178 905 5261 imagines
925 5183 1068 5241 sunt
1089 5177 1293 5259 dignae
1318 5178 1584 5252 honore,
1615 5176 1738 5239 illis
1764 5176 2157 5241 exhibendus

596 5280 693 5335 est
722 5292 801 5335 ex
828 5270 1177 5335 intentione
1210 5270 1454 5333 colendi
1482 5272 1652 5353 ipsas
1670 5272 1695 5344 ;'
1740 5271 1978 5353 alioqui
2026 5292 2156 5336 non

596 5368 688 5431 eis
721 5366 907 5431 datur
945 5364 1251 5443 adoratio,
1286 5365 1397 5427 sed
1442 5364 1625 5429 alteri
1669 5364 1737 5429 in
1782 5366 1962 5447 ipsis,
1991 5368 2158 5431 eirca

594 5462 787 5543 ipsas,
828 5462 929 5525 vel
960 5460 1289 5523 occasione
1318 5475 1573 5540 earum3
1600 5460 1763 5525 sicut
1804 5462 2000 5525 oratio
2027 5482 2154 5526 non

1801 298 2225 369 iiiimxxv.
2255 301 2460 357 Anno.
2489 302 2578 358 ιιι.

2221 398 2294 463 fit
2307 397 2390 461 ad
2403 398 2771 479 imaginem,
2801 396 2916 461 sed
2933 398 3018 461 ad
3041 398 3350 479 exemplar
3371 418 3546 469 coram
3563 410 3670 477 ima.
3755 376 3757 411 ³

2229 493 2401 573 gine.
2425 495 2503 556 Et
2526 494 2594 557 in
2623 493 2848 557 eadem
2863 500 2984 557 act.
3005 497 3066 571 6,
3089 496 3317 571 tome,
3343 496 3402 558 in
3423 500 3668 586 principio,
3755 570 3757 581 2

2223 587 2310 649 ait
2336 588 2671 669 Epiphan.,
2702 588 2783 651 de
2809 594 2958 669 typo
2985 587 3218 649 crucis:
3265 585 3428 667 Apud
3447 610 3536 657 nos
3552 597 3672 665 Itom-

2222 682 2441 745 rabilie
2487 679 2735 755 existi&
2785 688 2851 743 et
2884 687 3007 743 act.
3058 683 3116 753 1,
3155 678 3242 741 ait
3283 681 3474 759 Basil„
3507 688 3560 747 in
3598 710 3672 755 sua

2226 774 2494 837 confess.
2522 790 2540 835 ι
2571 774 2929 855 Honorifioo
2959 790 3203 839 veneror
3235 780 3555 843 remandas
3575 785 3674 851 im.
3757 776 3759 843 ἶ

2223 869 2421 948 aines,
2449 869 2716 948 suscipio
2735 874 2794 933 et
2821 867 3170 949 amplector,
3211 868 3554 953 honoremque
3573 879 3676 945 doti-
3757 864 3759 869 ’

2228 966 2355 1025 tum
2397 964 2485 1027 eie
2535 962 2813 1037 ooekibeo;
2853 966 2916 1024 et
2957 966 3078 1023 act.
3128 966 3190 1036 2,
3241 961 3324 1023 ait
3371 962 3608 1045 Adrian„
3635 974 3676 1035 in

2228 1056 2408 1135 epist.
2441 1072 2454 1116 :
2489 1056 2603 1121 Ex
2633 1056 2830 1119 animi
2855 1053 3146 1119 desiderio
3175 1073 3272 1119 eas
3295 1074 3675 1136 veneramen-et

2225 1146 2485 1210 inferius
2512 1147 2855 1211 Tharasius
2883 1166 2898 1209 ε
2931 1149 3076 1213 Hae
3099 1147 3382 1213 desiderio
3403 1156 3571 1217 nostro
3589 1159 3678 1219 ade

2223 1258 2460 1316 ramus,
2487 1248 2557 1305 ut
2573 1244 2642 1306 in
2661 1243 2901 1306 nomine
2917 1240 3176 1317 Christi,
3197 1243 3460 1323 Deiparoe
3481 1250 3526 1307 et
3545 1248 3680 1314 Sanc-
3759 1234 3761 1245 ἲ

2226 1340 2424 1399 torum
2445 1338 2664 1413 factas.
2683 1336 2759 1397 Et
2779 1335 3044 1397 inferius
3061 1335 3381 1414 Euthym„
3403 1338 3572 1417 Episc.
3586 1343 3681 1403 Sar.

2226 1428 2554 1491 densium:
2581 1430 2722 1513 qu
2747 1427 2985 1513 (inquit)
3001 1428 3179 1491 lectis
3205 1427 3528 1493 Beatissimi
3547 1433 3680 1517 Papoe

2224 1524 2444 1587 veteris
2477 1506 2692 1587 Romoe
2723 1522 2980 1595 litteris,
3035 1521 3265 1585 sineere
3289 1527 3343 1585 et
3369 1521 3682 1608 impuynahi.

2226 1616 2372 1681 liter
2397 1618 2658 1681 inlioereo
2671 1640 2700 1689 ,·
2731 1624 2796 1679 et
2837 1615 3038 1679 infra:
3079 1614 3166 1679 ob
3197 1632 3324 1678 eam
3347 1634 3554 1683 cauam
3572 1640 3684 1687 οω-

2224 1710 2452 1775 raedas
2499 1710 2799 1797 imaqims
2823 1727 2898 1775 ez
2923 1714 3046 1775 tato
3089 1708 3261 1773 corde
3287 1726 3412 1773 cum
3433 1712 3584 1775 debito
3617 1718 3685 1777 lm·

2227 1820 2392 1881 noro,
2431 1810 2489 1869 et
2521 1804 2862 1869 salvatorio
2890 1804 3245 1868 adoratione
3269 1805 3536 1888 suscipioe
3553 1816 3600 1871 et
3627 1811 3686 1872 iu-

2225 1898 2324 1959 fra
2353 1898 2442 1960 ait
2467 1899 2658 1977 Elias,
2693 1900 2900 1979 Episc.
2933 1898 3224 1961 CretenS.
3251 1916 3266 1956 ε
3293 1898 3473 1963 Juxta
3505 1906 3688 1967 suciis-

3763 1835 3766 1993 Ι

2227 1992 2374 2054 simi
2399 1992 2592 2073 Papoe
2617 1992 2892 2057 Adriani
2915 1992 3168 2057 litterae
3199 1992 3484 2069 confiteor,
3505 2000 3550 2057 et
3581 2002 3686 2061 tao
3763 2006 3765 2015 ’

2227 2087 2601 2149 venerandas
2623 2090 2682 2149 et
2704 2102 2916 2149 sacras
2943 2086 3272 2167 imayines,
3295 2102 3559 2167 nunquam
3579 2105 3686 2171 sepo-

2227 2195 2395 2254 nens,
2441 2180 2552 2243 sed
2581 2182 2847 2261 perfecte
2889 2180 3180 2243 adoram.
3215 2178 3506 2251 Quomodo
3543 2190 3687 2245 autem

2231 2270 2351 2334 dici
2377 2278 2582 2353 potest
2613 2273 2890 2353 perfecte
2915 2273 3212 2345 adorare,
3237 2272 3340 2353 qui
3365 2274 3538 2335 solum
3551 2282 3688 2339 exter·

2228 2384 2386 2427 num
2419 2373 2632 2431 actum
2657 2368 2938 2443 exhibet,
2969 2385 3106 2430 non
3151 2385 3298 2430 vero
3339 2386 3414 2429 ex
3434 2368 3686 2434 intentione

2229 2458 2524 2523 colendi?
2567 2461 2852 2541 Denique
2902 2460 3260 2526 Concilium
3319 2461 3684 2543 Tridentium,

2231 2571 2355 2615 ses·
2387 2556 2492 2632 25,
2523 2554 2604 2617 de
2635 2556 3018 2637 imaginibus
3041 2556 3236 2629 dixit,
3269 2556 3354 2620 eis
3391 2556 3602 2621 mum
3625 2561 3686 2621 Ito

2230 2664 2434 2711 norem
2461 2654 2516 2712 et
2549 2649 2988 2713 venerationem
3013 2666 3148 2713 osse
3171 2650 3604 2730 impertiendam
3625 2671 3686 2713 os·

2234 2742 2550 2805 tendimus
2577 2749 2792 2807 autem
2830 2762 2958 2806 non
3003 2764 3198 2826 posse
3241 2762 3446 2807 verum
3475 2747 3683 2809 honorem
3768 2824 3769 2829 γ

2233 2836 2562 2917 appellari,
2599 2838 2650 2899 si
2677 2837 2844 2901 desit
2872 2839 3144 2902 intentio
3167 2839 3510 2901 honorandi.

2313 2932 2416 2993 22.
2463 2931 2640 2995 Unde
2693 2926 3109 3013 argumentor
3159 2934 3372 3011 terti0,
3422 2952 3543 2995 nam
3582 2934 3685 2997 veile

2235 3043 2446 3107 genua
2481 3026 2760 3101 flectere,
2804 3027 2908 3089 vel
2936 3026 3112 3089 aliud
3143 3026 3348 3089 simile
3385 3027 3588 3109 signum
3619 3046 3690 3088 ex-

2229 3126 2485 3181 ternum
2512 3119 2770 3183 honoris
2793 3120 3092 3183 exhibere
3123 3138 3339 3183 coram
3363 3121 3604 3201 imagine,
3621 3128 3690 3183 aut

2232 3220 2328 3277 est
2353 3213 2518 3277 velle
2547 3214 2816 3277 adorare
2855 3214 3050 3289 illam,
3087 3223 3203 3279 aut
3243 3234 3384 3277 non.
3423 3216 3478 3277 Si
3499 3218 3687 3295 primum

2235 3309 2496 3385 dicatur,
2523 3315 2586 3371 et
2607 3310 2976 3373 conceditur
2993 3310 3182 3372 nobis
3197 3310 3364 3391 quod
3381 3310 3685 3385 intendimus,

2234 3402 2534 3465 nimirum
2557 3448 2574 3478 ,
2635 3403 3052 3467 intentionem
3099 3404 3398 3467 adorandi
3443 3404 3688 3482 imaginem

2236 3514 2378 3560 esse
2405 3499 2856 3577 necessariam,
2885 3506 2957 3561 ut
2981 3516 3134 3563 vere
3163 3516 3238 3563 ac
3261 3498 3488 3581 proprie
3521 3498 3689 3561 dicatur

2239 3590 2491 3654 adorari
2537 3592 2781 3675 imag03
2833 3599 2896 3655 et
2947 3593 3210 3655 aliunde
3263 3611 3386 3655 non
3429 3590 3691 3673 proceditur

2239 3692 2730 3763 consequentem
2755 3704 2930 3764 nam,
2953 3686 3010 3748 si
3031 3687 3308 3767 ipsamet
3325 3685 3573 3748 voluntas
3585 3682 3696 3745 exhi·

2238 3778 2430 3842 bendi
2461 3778 2716 3859 signum
2745 3779 3005 3843 honoris
3032 3781 3368 3844 intrinsece
3405 3785 3491 3842 est
3511 3777 3694 3839 intentio

2242 3870 2470 3950 cultus,
2498 3874 2664 3937 male
2710 3881 2776 3936 et
2802 3874 2938 3937 sine
2968 3892 3164 3937 causa
3215 3873 3572 3955 distinguitur
3591 3871 3697 3931 inter

2243 3966 2592 4047 simplicem
2613 3967 3002 4031 voluntatem
3027 3968 3362 4031 exhibendi
3399 3967 3606 4046 signum
3625 3963 3699 4021 ho-

2240 4060 2438 4134 noris,
2471 4067 2534 4123 et
2555 4061 2974 4125 intentionem
2995 4060 3226 4125 cultus.
3245 4060 3411 4137 Quod
3433 4061 3479 4123 si
3499 4060 3602 4121 haec
3613 4056 3700 4117 duo

2244 4153 2734 4236 distinguuntur,
2790 4161 2864 4217 ut
2898 4174 3125 4219 revera
3179 4155 3458 4236 distingui
3489 4156 3696 4233 possunt,

2243 4248 2366 4312 dici
2408 4266 2539 4311 non
2564 4254 2795 4331 potest,
2825 4250 3220 4313 voluntatem
3249 4247 3510 4313 flectendi
3533 4262 3695 4327 genua,

2241 4342 2341 4404 vel
2378 4340 2714 4405 exhibendi
2743 4341 2912 4405 aliud
2961 4344 3166 4408 simile
3197 4345 3466 4431 signum,
3503 4354 3612 4402 esse
3633 4334 3696 4395 vel

2243 4435 2581 4498 intrinsece
2633 4436 2958 4499 includere
3013 4440 3394 4501 voluntatem
3449 4428 3694 4497 adorandi.

2245 4529 2429 4591 Aliud
2443 4537 2539 4593 est
2555 4548 2731 4613 ergo,
2747 4530 3097 4596 formaliter
3119 4536 3186 4595 et
3203 4530 3495 4595 moraliter
3513 4528 3696 4605 loquen-

2239 4622 2346 4700 do,
2385 4624 2546 4687 velle
2577 4642 2786 4705 genua
2816 4626 3072 4689 flectere
3115 4644 3323 4689 coram
3347 4642 3410 4687 re
3435 4622 3619 4701 aliqua,
3653 4620 3694 4677 et

2240 4716 2400 4779 velle
2428 4717 2600 4780 illam
2647 4718 2936 4796 adorare,
2993 4720 3144 4801 quia
3193 4719 3347 4782 illud
3383 4717 3532 4798 prius
3552 4713 3692 4773 solum

2244 4817 2341 4873 est
2367 4812 2546 4891 quasi
2571 4813 2982 4875 materialiter
3002 4832 3294 4877 exercere
3311 4811 3470 4887 illud,
3489 4806 3620 4889 quod
3632 4809 3694 4865 est

2238 4905 2488 4987 signum
2543 4907 2833 4980 honoris;
2891 4906 3013 4971 hoc
3071 4913 3282 4970 autem
3334 4903 3594 4986 posterius
3631 4902 3692 4957 est

2237 4998 2396 5061 velle
2434 4998 2728 5061 exhibere
2758 5000 2910 5061 illud
2959 5007 3258 5081 tanquam
3295 4999 3514 5081 signum
3553 4994 3690 5053 hono-

2238 5092 2341 5155 riS.
2377 5089 2555 5165 Quod
2583 5092 2634 5155 si
2670 5092 2777 5154 illa
2825 5092 3110 5157 voluntas
3158 5090 3469 5155 exhibendi
3509 5088 3684 5165 signum

2239 5184 2496 5246 honoris
2521 5202 2734 5246 coram
2761 5185 3036 5267 imagine
3065 5188 3268 5248 solum
3301 5182 3452 5246 cadit
3491 5182 3546 5241 in
3579 5170 3684 5236 illud

2238 5278 2512 5357 signum,
2542 5284 2610 5340 ut
2635 5280 2979 5341 materialis
3006 5280 3292 5361 quaedam
3318 5276 3462 5339 actio
3485 5278 3576 5345 est,
3598 5282 3682 5327 11⁰n

2235 5388 2384 5433 vero
2433 5370 2774 5433 formaliter
2827 5379 2901 5434 ut
2941 5379 3038 5436 est
3077 5373 3326 5453 signum
3367 5358 3680 5431 adorationis,

2236 5482 2362 5527 non
2391 5471 2598 5545 potest
2627 5465 2766 5529 talis
2797 5465 2960 5545 signi
2991 5466 3286 5529 exhibitio
3307 5464 3553 5543 respectu
3574 5455 3681 5517 ima·
