3892 6167
591 345 672 408 ⁴5

591 447 1024 523 minationem,
1051 445 1222 526 quod
1239 451 1455 508 tamen
1483 445 1712 510 falsum
1741 449 1856 510 est.
1878 449 2151 527 Respon-

591 541 776 608 detur
802 557 954 624 ergo
975 539 1268 618 negando
1289 547 1708 621 assumptum,
1737 547 1832 604 est
1869 541 2040 604 enim
2072 539 2151 604 de

592 635 864 698 essentia
901 633 1050 698 fidei
1079 633 1324 708 infusae,
1350 641 1418 697 ut
1441 635 1672 698 nitatur
1699 633 1908 698 divina
1935 635 2151 698 aucto'-

591 728 778 792 ritate
797 728 1058 802 credita,
1083 733 1146 790 et
1172 747 1302 791 non
1355 728 1677 792 evidenter
1738 729 1989 810 cognita
2038 747 2151 808 per

591 821 794 900 ipsam
823 821 1296 886 revelationem.
1331 822 1532 898 Unde,
1563 822 1848 904 quamvis
1890 820 2153 884 fortasse

590 915 750 978 fides
803 934 934 980 non
977 915 1334 978 necessario
1388 915 1677 980 excludat
1727 915 2153 998 cognitionem

592 1009 948 1074 evidentem
1003 1010 1118 1073 Dei
1171 1007 1580 1082 testificantis,
1614 1029 1652 1074 a
1701 1011 1985 1090 subjecto
2039 1029 2155 1074 seu

590 1119 865 1184 persona
907 1101 1228 1170 credente.
1259 1109 1324 1166 et
1349 1105 1696 1185 praesertim
1737 1103 1993 1188 quando
2031 1103 2155 1167 evi·

593 1195 806 1260 dentia
855 1197 958 1260 illa
991 1203 1084 1260 est
1115 1197 1426 1262 inferioris
1476 1199 1742 1273 ordiniS,
1793 1204 2041 1280 sumpta
2076 1217 2154 1264 ex

592 1289 906 1372 aliquibus
948 1291 1338 1354 naturalibus
1394 1291 1592 1372 signis
1643 1293 1747 1354 vel
1800 1291 2147 1368 effectibus,

591 1390 802 1446 tamen
829 1385 1182 1448 necessario
1227 1385 1502 1450 excludit
1521 1385 1896 1449 evidentiam
1943 1385 2027 1448 ab
2054 1386 2149 1466 ip—

591 1495 662 1540 so
691 1496 974 1552 assensu,
1013 1485 1076 1544 et
1101 1479 1338 1551 medio.
1377 1497 1506 1560 quo
1535 1479 1746 1543 divino
1791 1479 2149 1544 testimonio

589 1569 778 1634 fidem
797 1572 1062 1652 praeben
1097 1579 1190 1636 est
1229 1573 1397 1636 enim
1443 1573 1522 1636 de
1565 1574 1810 1636 ratione
1853 1591 2149 1636 assensus

589 1663 761 1741 fidei,
795 1669 865 1728 ut
895 1665 978 1728 ita
1001 1666 1080 1728 sit
1097 1673 1325 1743 certus,
1353 1673 1424 1730 ut
1441 1673 1654 1731 tamen
1681 1668 1819 1750 ejus
1845 1668 2149 1732 certitudo

589 1777 720 1822 non
746 1759 1044 1824 fundetur
1069 1761 1134 1822 in
1163 1761 1494 1836 evidentia,
1523 1761 1722 1825 sedin
1749 1762 1883 1824 solo
1941 1762 2151 1824 divino

590 1852 952 1916 testimonio
973 1853 1232 1926 credito,
1250 1861 1312 1918 et
1340 1856 1606 1918 obscure
1635 1856 1885 1938 cognito
1909 1877 1927 1930 ;
1952 1861 2017 1920 at
2049 1874 2151 1920 ve-

589 1963 660 2014 ro
689 1944 830 2010 haec
857 1948 1131 2028 cognitio
1161 1949 1433 2012 scientiae
1465 1949 1692 2012 infusae
1721 1954 1812 2012 est
1840 1949 1906 2011 in
1935 1968 2003 2013 se
2028 1950 2151 2012 evi·

590 2037 750 2102 dens
775 2042 1236 2120 supernaturali
1260 2041 1540 2106 claritate
1570 2047 1633 2106 et
1659 2042 1994 2118 evidentia,
2012 2049 2149 2104 orta

588 2149 664 2194 ex
691 2130 958 2212 ipsomet
981 2135 1219 2198 lumine
1249 2136 1388 2200 talis
1411 2136 1704 2213 scienti'oe,
1723 2136 1785 2198 in
1805 2146 1933 2216 qua
1956 2137 2149 2200 certi-

583 2225 738 2288 tudo
761 2227 980 2305 judicii
1001 2235 1062 2290 et
1087 2248 1376 2294 assensus
1405 2232 1463 2310 ej
1472 2250 1543 2294 us
1559 2229 1899 2304 fundatum
1923 2237 1986 2294 et
2004 2230 2147 2294 ideo

583 2319 724 2382 talis
752 2321 1028 2401 cognitio
1057 2340 1186 2384 non
1234 2331 1328 2386 est
1375 2324 1546 2400 fidei,
1602 2323 1716 2388 sed
1760 2324 2147 2406 perfectioris

580 2411 846 2476 rationis
899 2417 1412 2496 supernaturalis,
1447 2425 1510 2482 et
1563 2417 1796 2480 dicitur
1859 2418 2145 2496 scientia,

583 2506 732 2585 quia
771 2507 955 2570 estin
987 2527 1054 2572 se
1075 2510 1334 2574 evidens
1365 2516 1430 2572 et
1461 2519 1654 2576 certa.

663 2601 762 2664 13.
807 2601 1096 2666 Dubium.
1127 2634 1208 2650 --
1232 2603 1591 2684 Responsio.
1621 2637 1703 2652 -
1732 2607 1898 2670 Deus
1919 2606 2145 2670 anima?

581 2693 865 2772 quomodo
887 2694 1193 2776 loquatur.
1215 2729 1296 2745 —
1317 2697 1652 2762 Evidentia
1671 2699 1790 2762 Dei
1807 2699 2147 2771 testifican-

583 2786 670 2848 tis
706 2788 988 2866 quomodo
1021 2788 1227 2854 haberi
1243 2793 1466 2870 possit.
1491 2823 1574 2838 —
1593 2791 1720 2856 Sed
1757 2793 2029 2858 occurrit
2050 2811 2147 2856 se-

579 2879 786 2942 cunda
816 2881 1176 2962 difficultas,
1208 2886 1526 2966 quomodo
1546 2885 1682 2950 fieri
1729 2889 1926 2970 possit
1954 2897 2024 2954 ut
2052 2890 2145 2954 in-

577 2973 857 3038 tellectus
889 2975 1120 3040 haheat
1161 2981 1704 3059 supernaturalem
1767 2981 2141 3048 evidentiam

577 3067 688 3130 Dei
721 3068 1102 3134 testificantis
1124 3089 1238 3152 per
1266 3073 1715 3153 cognitionem,
1738 3092 1878 3154 quae
1905 3095 2037 3142 non
2062 3078 2141 3142 sit

575 3160 745 3224 clara
765 3161 917 3228 visio
951 3161 1148 3243 ipsius
1193 3164 1322 3228 Dei.
1383 3166 1860 3248 Respondetur:
1893 3169 1975 3230 ad
2018 3170 2139 3234 hoo

574 3255 1044 3337 intelligendum
1072 3257 1198 3320 duo
1217 3267 1468 3340 oportet
1491 3261 1802 3342 explicare
1827 3281 1843 3326 ε
1870 3264 2137 3330 alterum

574 3355 690 3423 est,
714 3349 1034 3428 quomodo
1061 3351 1228 3416 Deus
1245 3353 1507 3416 interius
1533 3353 1828 3434 loquatur
1853 3359 2131 3422 intellec-

571 3443 688 3520 tui,
719 3461 848 3506 non
874 3444 1258 3508 ostendendo
1287 3447 1457 3511 clare
1511 3453 1574 3512 et
1601 3448 1882 3516 intuitive
1933 3470 2002 3514 se
2038 3453 2133 3533 ip·-

535 3553 735 3634 ⁴sum,
769 3555 978 3616 neque
1029 3556 1164 3602 rem
1193 3539 1272 3602 de
1299 3559 1424 3620 qua
1451 3539 1760 3624 loquitur;
1821 3551 1916 3608 est
1961 3546 2131 3610 enim

571 3627 692 3692 hoc
722 3629 1080 3708 obscurum,
1125 3650 1270 3696 cum
1315 3633 1477 3697 Deus
1520 3653 1651 3698 non
1679 3637 1975 3716 loquatur
2020 3658 2132 3720 per

570 3722 750 3801 signa
777 3729 888 3786 aut
906 3725 1098 3788 verba
1121 3726 1201 3788 ad
1228 3727 1528 3808 placitum
1555 3729 1995 3809 significantia,
2014 3734 2131 3796 sed

568 3816 772 3878 solum
792 3835 906 3896 per
932 3828 1268 3900 conceptus
1293 3820 1741 3886 intellectuales
1762 3827 2127 3892 naturaliter

563 3915 1118 3986 repraesentantes;
1156 3911 1324 3992 quod
1352 3919 1560 3977 tamen
1601 3933 1764 3996 saepe
1791 3917 1910 3979 hoc
1936 3919 2127 3981 modo

565 3999 884 4078 loquatur,
907 4001 1178 4066 dubitari
1203 4023 1328 4068 non
1361 4012 1597 4088 potest;
1625 4027 1738 4089 per
1762 4008 2126 4089 hujusmodi

566 4094 736 4155 enim
763 4092 1096 4158 locutionis
1125 4097 1382 4160 modum
1411 4099 1714 4162 revelavit
1759 4105 2015 4184 Angelis
2044 4105 2123 4166 fl-

565 4185 734 4260 dem,
770 4207 915 4252 cum
951 4208 1060 4252 eos
1087 4193 1338 4268 creavit,
1367 4201 1432 4256 et
1446 4195 1712 4258 fortasse
1737 4198 1925 4260 etiam
1943 4200 2120 4275 Adae,

565 4285 630 4342 et
653 4281 970 4360 aliquibus
1005 4283 1352 4364 Prophetis.
1386 4288 1594 4353 Potest
1625 4296 1838 4354 autem
1886 4291 2009 4354 1100
2034 4293 2126 4356 ita

565 4373 883 4455 explicari,
915 4376 1088 4456 quod
1114 4380 1280 4442 Deus
1325 4380 1592 4445 interius
1632 4385 1949 4468 loquatur,
2006 4388 2127 4453 for-

561 4469 797 4536 mando
813 4471 888 4535 -in
921 4471 1246 4538 intellectu
1267 4483 1664 4558 conceptum,
1681 4497 1792 4541 seu
1814 4481 2127 4545 actualem

563 4563 1137 4646 apprehensionem
1175 4566 1341 4632 illius
1367 4570 1459 4632 rei
1497 4588 1691 4651 quam
1719 4575 2125 4640 manifestare

559 4654 717 4731 vult,
761 4657 932 4736 quod
963 4657 1172 4725 facere
1201 4667 1424 4741 potest,
1461 4663 1562 4726 vel
1611 4665 1822 4728 dando
1877 4670 2123 4748 species

557 4765 779 4824 novas,
809 4751 910 4814 vel
936 4754 1248 4816 movendo
1277 4754 1664 4822 intellectum
1713 4759 1944 4822 talibus
1982 4780 2121 4843 spe-

558 4841 776 4904 ciebus
803 4844 1206 4910 informatum
1235 4847 1318 4910 ad
1359 4849 1754 4914 formandam
1806 4853 1997 4918 talem
2026 4855 2120 4918 rei

557 4937 1064 5016 conceptionem,
1091 4939 1300 5020 potius
1327 4959 1516 5020 quam
1545 4943 1760 5019 aliam,
1805 4952 1895 5022 ut,
1944 4945 2123 5010 verbi

557 5028 784 5108 gratia,
819 5030 904 5092 ad
943 5032 1426 5113 concipiendum
1459 5037 1656 5100 Deum
1686 5043 1756 5102 ut
1792 5039 2026 5102 trinum
2056 5046 2120 5104 et

555 5138 778 5199 unum,
807 5124 908 5188 vel
931 5125 1254 5206 quippiam
1281 5126 1505 5194 simile.
1539 5131 1664 5194 Sed
1689 5137 1842 5194 tunc
1870 5140 2121 5214 oportet

1867 345 2102 410 QUAEST.
2136 344 2221 398 x1.
2256 344 2463 402 An'rlc.
2496 346 2537 400 l.

2232 444 2403 524 quia,
2432 463 2579 508 cum
2604 445 2775 508 Deus
2804 445 3033 508 animae
3056 444 3353 528 loquitur,
3378 457 3561 530 potest
3586 458 3729 524 simul

2230 536 2383 604 dare
2413 540 2563 614 vim,
2597 545 2661 602 et
2689 539 2901 602 lumen
2932 541 3407 620 supernaturale
3436 545 3513 608 ad
3535 548 3731 616 intuen-

2230 629 2409 708 dum,
2450 639 2513 698 et
2556 633 2963 712 quidditative
3018 637 3517 716 cognoscendum
3544 661 3663 724 qnae
3688 655 3731 712 01

2234 725 2440 802 qualis
2467 727 2545 789 sit
2572 727 2682 791 illa
2705 727 2975 806 locuti03
3002 747 3080 792 ex
3108 748 3233 811 quo
3265 730 3568 796 evidenter
3591 737 3730 800 intel-

2232 817 2483 898 ligetur,
2511 819 2681 884 illam
2712 840 2850 884 esse
2899 821 3042 884 talis
3070 823 3351 899 rationis,
3382 830 3451 888 ut
3488 846 3601 890 non
3626 849 3733 909 pos·

2236 911 2316 975 sit
2349 930 2488 976 esse
2514 914 2634 978 nisi
2666 933 2705 976 a
2730 917 2865 978 Deo
2912 915 3047 994 ipso
3098 917 3464 982 immutante
3512 920 3733 988 intellec·

2234 1012 2391 1069 tum.
2424 1007 2740 1090 Exemplis
2770 1008 3067 1090 explicari
3088 1017 3317 1090 potest,
3342 1013 3556 1092 primo,
3582 1016 3635 1076 in
3658 1037 3733 1080 su-

2234 1101 2778 1182 pernaturalibus3
2816 1120 2966 1165 nam
2992 1104 3045 1168 si
3074 1105 3219 1184 quis
3242 1106 3553 1171 evidenter
3570 1109 3735 1174 videat

2232 1199 2442 1258 actum
2464 1195 2563 1258 vel
2595 1196 2877 1260 habitum
2916 1197 3061 1262 fidei
3093 1197 3339 1274 insusse,
3394 1207 3455 1262 et
3480 1202 3733 1282 0011111111-

2229 1287 2355 1352 tivo
2382 1289 2564 1352 illum
2600 1298 2961 1372 cognoscat,
2992 1291 3160 1354 clare
3189 1292 3421 1356 videbit
3450 1294 3603 1357 illam
3628 1316 3732 1360 esse

2231 1383 2553 1446 entitatem
2583 1384 3149 1465 supernaturalem,
3172 1405 3315 1467 quin
3340 1387 3421 1449 ab
3443 1387 3556 1450 alio
3582 1407 3727 1468 qnam

2230 1493 2266 1538 a
2308 1477 2437 1540 Deo
2469 1496 2607 1542 esse
2644 1497 2774 1542 non
2825 1483 3066 1560 potest.
3100 1479 3413 1554 Secundo,
3468 1499 3541 1544 ex
3588 1483 3734 1546 rebus

2230 1569 2525 1635 humanis
2552 1590 2571 1645 ;
2602 1591 2750 1636 nam
2780 1574 2832 1636 si
2876 1574 3027 1638 satis
3085 1581 3475 1654 perspectam
3514 1575 3731 1640 habeam

2232 1683 2453 1729 vocem
2484 1666 2773 1747 alicujus,
2801 1666 2909 1730 illa
2941 1667 3179 1741 audita,
3208 1668 3520 1732 evidenter
3556 1669 3733 1732 intelli·

2233 1779 2379 1842 gam
2406 1778 2553 1822 eum
2592 1777 2731 1824 esse
2762 1761 2872 1842 qui
2902 1760 3197 1842 loquitur,
3258 1762 3535 1844 quamvis
3567 1781 3732 1843 perso-

2230 1871 2379 1916 nam
2409 1871 2541 1916 11011
2567 1855 2841 1918 videam.
2876 1855 2977 1918 Sic
3008 1873 3161 1936 ergo
3218 1854 3573 1936 intelligitur
3610 1857 3737 1920 Deus

2230 1947 2463 2012 habere
2491 1951 2812 2030 proprium
2862 1948 3123 2012 modum
3162 1949 3484 2030 loquendi,
3524 1969 3625 2012 seu
3657 1971 3735 2012 su-

2227 2042 2710 2121 pernaturaliter
2735 2042 3114 2104 immutandi
3168 2043 3540 2106 intellectum
3565 2060 3585 2121 3
3616 2044 3735 2106 sicut

2229 2135 2401 2196 enim
2429 2137 2751 2217 proprium
2780 2141 2876 2198 est
2898 2136 3011 2198 Dei
3050 2137 3229 2200 illabi
3268 2137 3485 2210 menti,
3531 2137 3607 2198 ita
3647 2137 3731 2198 ha-

2228 2227 2381 2292 here
2418 2233 2621 2310 potest
2644 2229 2967 2312 proprium
3017 2230 3283 2292 modum
3335 2230 3615 2310 loquendi
3650 2229 3730 2300 illi,

2227 2339 2355 2402 quo
2384 2321 2573 2384 modo
2602 2322 2767 2384 clare
2798 2323 3121 2386 evidenter
3142 2323 3418 2406 cognito,
3450 2330 3509 2385 et
3534 2329 3595 2386 ut
3615 2321 3713 2382 faci

2226 2413 2287 2476 le
2319 2413 2531 2478 divino
2574 2415 2813 2478 lumine
2847 2417 3146 2496 cognosci
3198 2423 3425 2500 potest,
3470 2415 3735 2479 evidenter

2226 2509 2536 2572 constabit
2564 2510 2790 2574 eodem
2830 2510 3098 2586 lumine,
3128 2512 3333 2574 Deum
3364 2529 3498 2576 esse
3542 2511 3635 2590 qui
3667 2511 3734 2571 lo-

2224 2603 2462 2684 quitur,
2496 2611 2561 2668 et
2595 2613 3052 2686 consequenter
3080 2605 3201 2668 erit
3242 2605 3493 2669 evidens
3517 2606 3593 2667 ita
3634 2621 3733 2664 rem

2226 2713 2295 2758 se
2344 2697 2605 2776 habere,
2650 2698 2811 2762 sicut
2858 2705 3068 2764 mente
3115 2698 3463 2782 concipitur
3501 2716 3597 2760 seu
3650 2715 3732 2758 au·

2226 2788 2415 2856 ditur.

2306 2886 2407 2950 14.
2456 2883 2741 2964 Objoets’o.
2758 2917 2841 2932 —
2867 2885 3223 2968 Responsio.
3246 2921 3327 2938 -
3352 2887 3473 2952 Sed
3498 2893 3631 2952 tunc
3664 2889 3733 2948 est

2223 2979 2405 3043 tertia
2431 2977 2789 3054 difficultaS,
2814 2980 2965 3060 quia
2986 2981 3349 3062 hujusmodi
3378 2981 3630 3063 cognitio
3645 2979 3733 3038 im-

2219 3071 2497 3152 perfecta
2524 3073 2801 3150 videtur,
2835 3079 2903 3137 et
2932 3076 3257 3154 superflua
3282 3075 3505 3138 animm
3523 3072 3730 3145 Christi,

2219 3182 2357 3244 quse
2384 3166 2595 3230 omnia
2624 3167 2879 3230 videbat
2900 3167 2965 3232 in
2998 3169 3230 3232 Verbo.
3266 3169 3423 3244 Quid
3448 3167 3602 3230 enim
3624 3165 3731 3228 atti—

2218 3265 2351 3332 net,
2384 3277 2499 3340 per
2529 3261 2961 3324 testimonium
3000 3263 3192 3326 etiam
3238 3263 3491 3326 evidens
3528 3260 3729 3334 audire,

2216 3353 2457 3430 aliquid
2506 3372 2643 3416 esse
2689 3355 2999 3432 futurum,
3029 3357 3201 3436 quod
3228 3359 3369 3439 quis
3412 3357 3571 3420 clare
3595 3352 3732 3414 videt

2214 3453 2403 3526 prout
2424 3447 2488 3511 in
2516 3465 2585 3510 se
2612 3446 2898 3512 futurum
2926 3454 3023 3512 est
3050 3452 3079 3514 t
3122 3449 3550 3532 Respondetur
3596 3447 3733 3508 hunc

2211 3541 2469 3602 modum
2525 3541 2901 3622 cognitionis
2941 3551 3124 3628 poss'e
3173 3543 3297 3608 dici
3344 3541 3731 3624 imperfectum

2210 3635 2483 3714 naqatioe
2508 3679 2529 3710 ‚
2578 3634 2645 3697 id
2691 3642 2789 3698 est
2836 3637 3049 3700 minus
3075 3637 3427 3718 perfectum
3456 3653 3630 3717 quam
3672 3630 3733 3692 sit
3811 3677 3812 3682 1

2209 3728 2349 3808 ipsa
2374 3729 2528 3790 visio
2545 3729 2873 3808 intuitiva3
2896 3749 3021 3794 non
3050 3738 3263 3795 tamen
3276 3732 3593 3815 privative,
3613 3724 3731 3806 quia
3811 3753 3812 3820 ζ

2208 3822 2447 3884 nullam
2476 3824 2780 3906 majorem
2812 3824 3265 3905 perfectionem
3306 3821 3589 3896 excludit,
3614 3817 3731 3880 etin
3811 3823 3812 3878 ἴ

2209 3933 2323 3977 suo
2352 3933 2589 3996 genere
2633 3917 3087 3997 perfectionem
3126 3936 3423 3999 magnam
3448 3915 3725 3982 continet;
3811 3935 3812 3992 3

2207 4009 2467 4072 includit
2496 4012 2665 4074 enim
2707 4012 3069 4076 distinctam
3098 4013 3529 4092 cognitionem
3552 4019 3729 4070 rerum
3811 4007 3812 4060 1

2208 4103 2622 4184 singularium
2669 4123 2807 4186 quse
2854 4105 3081 4168 futurae
3122 4113 3306 4184 sunt,
3340 4111 3404 4169 et
3456 4123 3531 4166 eo
3574 4096 3729 4162 modo

2206 4213 2333 4276 quo
2362 4197 2589 4260 futurae
2638 4205 2809 4278 sunt,
2842 4205 2908 4262 et
2957 4200 3237 4263 continet
3276 4200 3461 4262 etiam
3488 4197 3731 4274 aliquam

2210 4290 2592 4356 evidentiam
2620 4293 2785 4358 illius
2803 4294 3107 4368 veritatis,
3126 4295 3391 4370 scilicet,
3420 4289 3583 4373 quod
3604 4285 3731 4349 tales
3811 4377 3812 4380 Ἴ

2207 4404 2311 4450 res
2332 4386 2555 4450 futurae
2584 4393 2753 4452 sunt.
2783 4388 2865 4450 At
2892 4388 3163 4469 proinde
3208 4407 3339 4452 non
3385 4393 3479 4450 est
3516 4387 3601 4446 ita
3632 4380 3731 4441 im-

2206 4482 2525 4562 perfectus
2553 4483 2654 4546 bic
2684 4484 2909 4548 modus
2935 4485 3386 4566 cognoscendi,
3414 4489 3483 4546 ut
3522 4475 3729 4542 Christo

2206 4584 2537 4656 repugnet.
2574 4578 2939 4658 Supertluus
2972 4585 3189 4642 autem
3216 4577 3359 4654 erit,
3388 4576 3439 4639 si
3470 4571 3629 4654 prior
3651 4569 3729 4630 est

2202 4670 2539 4750 possibilie,
2594 4689 2743 4733 nam
2794 4671 3025 4734 sufficit
3050 4689 3219 4736 unus
3267 4668 3491 4732 modus
3530 4676 3728 4743 cogno-

2202 4763 2417 4826 scendi
2444 4765 2574 4828 hoec
2598 4764 2810 4826 futura
2844 4764 2913 4826 in
2940 4765 3195 4846 proprio
3233 4780 3487 4844 genere,
3518 4758 3614 4819 ille
3638 4769 3728 4854 au:

2200 4863 2331 4920 tem
2360 4858 2477 4920 erit
2500 4877 2611 4938 per
2632 4857 2979 4937 simplicem
3016 4876 3235 4920 eorum
3258 4856 3653 4922 intuitionem,
3686 4862 3727 4904 sl

2199 4951 2515 5031 possibilis
2528 4958 2659 5026 est;
2684 4953 2739 5012 si
2757 4957 2969 5014 autem
2988 4951 3132 5014 talis
3160 4950 3403 5012 intuitio
3432 4963 3556 5008 non
3584 4941 3729 5042 esset

2198 5045 2535 5124 possibilis,
2566 5045 2663 5108 vel
2693 5062 2823 5108 non
2855 5051 3023 5110 esset
3056 5045 3203 5108 data
3246 5043 3473 5108 animas
3502 5035 3725 5136 Christi,

2197 5139 2397 5202 altera
2416 5139 2717 5202 revelatio
2736 5157 2863 5202 non
2888 5147 3055 5204 esset
3078 5139 3417 5221 superflua,
3433 5147 3577 5196 nam
3605 5126 3726 5189 talis
3810 5199 3812 5210 ἢ

554 5211 822 5281 alterum
877 5218 1212 5298 explicare,
1270 5222 1545 5298 scilicet,
1589 5225 1910 5304 quomodo
1969 5243 2115 5290 cum
2194 5233 2469 5314 cognitio
2494 5233 2577 5295 ad
2608 5232 2789 5313 plura
2813 5241 2978 5296 esset
3002 5233 3194 5310 utilis,
3221 5231 3477 5306 scilicet,
3503 5224 3579 5286 ad
3603 5235 3723 5301 001·-

553 5305 717 5372 Deus
744 5309 832 5373 ita
859 5311 1159 5391 loquitur,
1191 5315 1392 5396 possit
1409 5315 1732 5380 evidenter
1777 5319 2115 5384 ostendere
2194 5324 2425 5390 fectam
2468 5327 2867 5408 prudentiam
2912 5333 2977 5390 et
3002 5325 3462 5408 providentiam
3481 5365 3503 5400 ,
3534 5322 3591 5382 et
3618 5310 3724 5374 ³¹1³

553 5417 622 5466 se
659 5421 798 5472 esse
827 5405 939 5490 qui
959 5405 1261 5492 loquitur,
1297 5427 1428 5475 non
1455 5412 1916 5480 manifestando
1945 5415 2113 5479 claro
2194 5437 2335 5500 quas
2360 5438 2552 5502 snpra
2578 5421 2745 5488 dieta
2768 5426 2939 5486 sunt.

553 5513 621 5560 se
651 5498 898 5577 ipsum;
945 5500 1118 5582 110011
1173 5503 1292 5565 hoc
1341 5504 1530 5568 modo
1573 5506 1832 5588 intelligi
1879 5515 2109 5591 potest,

2278 5514 2378 5584 ¹5·
2408 5515 2501 5586 Ex
2526 5513 2648 5594 his,
2678 5531 2823 5595 qun
2855 5513 2935 5578 do
2962 5513 3191 5580 futuris
3237 5511 3403 5576 dicta
3436 5509 3597 5578 sunt,
3640 5499 3720 5562 in-
