3892 6167
128 6070 299 6147 ,-

588 366 709 433 5³8
1858 358 2094 431 numer.
2128 352 2279 415 xxv.
2313 354 2460 413 Αιιτ.
2492 356 2533 413 1.

586 474 709 537 hoc
756 468 1125 553 mysterium
1152 514 1168 543 ,
1216 484 1366 533 uam
1413 484 1633 533 revera
1650 514 1671 545 ,
1716 468 1891 549 quod
1938 464 2144 546 primo
2226 456 2420 520 dehet
2463 455 2860 521 denominari
2903 454 3369 537 praedestinata,
3397 464 3503 525 nisi
3531 468 3687 549 adjun-

588 570 757 631 Deus
770 564 1243 641 decrevit,nihil
1265 564 1563 627 aliudfuit
1582 580 1773 645 quam
1788 560 2147 625 humanita·
2227 550 2436 631 gendo
2465 549 2805 613 terminum
2823 548 2968 613 talis
3011 545 3576 633 pradestinationis,
3607 580 3688 645 qno

587 669 719 725 tem
736 659 897 722 uniri
917 658 1143 721 Verbo.
1159 658 1337 723 Unde
1350 662 1758 740 argumentor
1774 658 1982 732 tertio,
1997 653 2145 735 quia
2227 640 2574 723 01P11⁰⁶²¹³1⁸
2603 640 2775 705 fflffin
2817 660 2956 706 0⁸⁸0
2984 642 3474 722 Pffl‘lssssfinfltssm
3497 668 3585 730 μοι·
3601 675 3688 721 mo-

588 754 789 837 gratia
818 754 1069 818 unionis
1100 754 1165 817 iu
1194 760 1473 835 tempore
1499 752 1875 818 humanitati
1901 750 2147 816 confer·
2230 734 2386 799 dum
2411 742 2676 815 Mffl'fl»
2705 742 2772 801 02
2792 754 2923 800 ¹¹⁰¹!
2963 754 3081 817 1³0³·
3117 736 3386 801 ¹³⁰⁶OE
3415 748 3662 824 mma.

589 856 712 926 tur,
740 856 807 911 et
832 848 915 911 ad
950 849 1123 913 illam
1167 848 1630 929 suscipiendam
1659 848 1743 911 ab
1785 852 2024 911 oeterno
2049 862 2152 909 or-

592 944 813 1007 dinata
846 962 959 1007 seu
998 942 1442 1023 proedestinata
1476 949 1594 1020 est,
1626 960 1757 1006 non
1785 942 1851 1005 in
1886 943 2011 1005 alio
2037 956 2152 1003 seu

590 1055 711 1118 per
734 1036 931 1112 aliud,
956 1037 1113 1099 sicut
1140 1054 1283 1117 pars
1306 1040 1519 1117 potest
1540 1037 1661 1100 dici
1692 1038 1969 1101 ordinari
2011 1052 2153 1098 cum

596 1136 728 1193 toto
772 1128 853 1195 ad
890 1127 1149 1211 aliquod
1174 1130 1439 1206 bonum,
1466 1130 1671 1195 sedin
1702 1148 1796 1207 se,
1818 1134 1882 1193 et
1906 1148 2024 1210 per
2061 1146 2155 1203 se,

596 1224 743 1303 quia
769 1224 969 1304 gratia
1000 1242 1113 1303 per
1138 1242 1207 1287 se
1230 1225 1433 1303 primo
1462 1224 1549 1287 illi
1578 1224 1687 1297 fit;
1730 1242 1883 1304 ergo
1920 1223 2158 1304 optime

596 1322 804 1399 potest
828 1316 1220 1380 denominari
1237 1316 1681 1396 praedestinata
1700 1318 1783 1381 ad
1801 1317 1966 1380 hanc
1981 1314 2160 1377 unio-

596 1428 767 1475 nem.
796 1412 1115 1475 Immerito
1146 1428 1296 1492 ergo
1340 1410 1593 1475 Medina
1618 1412 1903 1475 hocloco
1946 1408 2163 1473 scribit

596 1504 663 1567 in
676 1504 811 1568 hoee
828 1504 1021 1567 verba
1040 1522 1055 1566 t
1074 1506 1181 1567 Est
1203 1504 1389 1566 etiam
1408 1504 1664 1583 quidam
1678 1504 1950 1567 novitius
1963 1504 2164 1565 Theo·

596 1598 804 1677 lngus,
834 1598 945 1677 qui
968 1598 1239 1660 affirmat
1256 1597 1867 1677 praedestinationem
1895 1596 1980 1661 ad
2010 1596 2163 1659 bea·

598 1691 933 1757 titudinem
984 1707 1124 1755 esse
1180 1690 1437 1772 quidem
1470 1708 1780 1772 personoe,
1822 1690 1939 1754 sed
1988 1688 2164 1770 quod

604 1785 1061 1868 proedestiuatio
1089 1784 1171 1847 ad
1200 1785 1501 1848 unionem
1544 1784 2004 1867 hypostaticam
2032 1802 2162 1847 non

604 1886 699 1943 est
760 1894 1047 1959 personae
1069 1922 1092 1954 ,
1148 1878 1261 1941 sed
1316 1884 1557 1941 naturae
1589 1926 1605 1953 ,
1651 1898 1793 1960 quie
1838 1882 2163 1958 assumpta

606 1980 701 2037 est
746 1972 829 2035 ad
868 1972 1169 2035 unionem
1202 1970 1701 2052 hypostaticam3
1733 1972 1848 2035 sed
1888 1972 1995 2035 isti
2033 1988 2163 2034 non

602 2064 959 2145 intelligunt
996 2080 1136 2145 qum
1186 2064 1549 2145 loquuntur.
1582 2066 1729 2129 Haec
1772 2064 1918 2128 ille:
1957 2064 2066 2144 qui
2113 2062 2164 2124 si

600 2160 895 2241 antiquos
924 2155 1277 2237 'theologos
1320 2160 1758 2233 consuluisset,
1786 2158 2166 2223 sententiam

601 2255 767 2317 hanc
785 2272 915 2317 non
940 2252 1328 2315 attribuisset
1355 2253 1545 2317 alicui
1560 2254 1797 2317 novitio
1816 2253 2162 2333 Theologo,

602 2364 811 2433 neque
824 2362 959 2423 eos,
970 2345 1184 2419 credo,
1197 2344 1438 2409 diceret
1454 2364 1593 2411 esse
1610 2348 1857 2411 locutos
1872 2363 2012 2427 quse
2027 2364 2166 2409 nes-

604 2442 876 2505 ciebant.
904 2439 1253 2504 Proesertim
1278 2456 1423 2503 cum
1445 2438 1759 2503 distinctio
1780 2440 1890 2503 illa
1914 2456 2167 2520 expres·

604 2552 673 2597 se
704 2535 785 2598 sit
811 2536 874 2597 S.
904 2534 1129 2596 Thom.
1161 2534 1227 2595 in
1254 2535 1441 2597 citato
1476 2534 1639 2597 loco.
1668 2534 1744 2597 Et
1780 2532 1953 2615 quod
1980 2530 2163 2595 valde

604 2626 907 2705 admiror,
934 2628 1202 2717 ipsemet
1226 2628 1437 2691 statim
1464 2628 1671 2705 docet,
1698 2633 1889 2705 recte,
1921 2632 1990 2691 et
2016 2643 2163 2690 vere

604 2722 727 2785 dici
754 2729 1047 2785 naturam
1073 2724 1419 2785 humanam
1462 2740 1600 2785 esse
1628 2722 2160 2802 praedestinaiam,

602 2816 777 2895 quod
808 2834 927 2879 neo
970 2822 1162 2892 recte,
1206 2834 1327 2879 nec
1376 2815 1629 2897 proprie
1678 2814 1803 2879 dici
1852 2820 2058 2897 potest
2085 2814 2166 2877 de

602 2906 1149 2988 praedestinatione
1192 2907 1275 2970 ad
1304 2908 1784 3001 beatitudinem,
1814 2914 1883 2972 ut
1927 2910 2166 2989 optime

602 3001 675 3063 D.
706 2998 979 3063 Thomas
998 3000 1211 3065 docuit
1224 3016 1245 3080 3
1276 3000 1753 3082 intelligendum
1776 3018 1927 3082 ergo
1955 3018 2168 3065 neces·

600 3093 771 3157 sario
794 3100 890 3157 est
914 3094 995 3159 de
1018 3094 1567 3175 proedestinatione
1606 3095 1689 3158 ad
1718 3096 2019 3158 unionem
2050 3094 2170 3179 hy-

604 3187 1001 3269 postaticam,
1030 3194 1101 3249 ut
1120 3188 1255 3270 ipse
1284 3190 1497 3251 statim
1527 3188 1829 3253 declarat.
1864 3190 1988 3252 Cur
2015 3206 2166 3271 ergo

606 3282 745 3345 aliis
767 3282 1033 3361 imponit
1060 3298 1170 3345 eos
1198 3300 1328 3345 non
1351 3284 1701 3364 intelligere
1722 3300 1863 3363 quaa
1900 3282 2169 3363 loquun-

603 3380 730 3451 tur,
756 3392 905 3439 cum
948 3392 1099 3439 vera
1126 3376 1491 3454 loquantur,
1528 3378 1665 3456 ipso
1710 3378 1902 3439 etiam
1944 3392 2170 3456 appro-

604 3468 843 3533 bante!
870 3468 1031 3545 Quin
1076 3468 1285 3551 potius
1330 3469 1523 3546 addo,
1548 3471 1729 3551 juxta
1766 3474 2050 3531 mentem
2097 3470 2165 3531 D.

602 3563 857 3639 Thom„
882 3562 983 3627 'nie
1025 3562 1485 3625 humanitatem
1516 3581 1645 3625 non
1672 3580 1810 3627 esse
1835 3562 2171 3625 dicendam

607 3656 971 3737 simpliciter
1020 3656 1561 3737 proedestinatam,
1612 3656 1727 3719 sed
1773 3656 1982 3719 solum
2029 3672 2172 3718 eum

608 3750 714 3813 illo
752 3747 997 3828 addito,
1038 3753 1120 3815 ad
1160 3752 1437 3816 unionem
1482 3749 1924 3833 hypostaticam
1946 3796 1964 3825 ,
2023 3748 2169 3827 quia

607 3844 1072 3925 pradestinatio
1118 3844 1407 3907 absolute
1450 3844 1640 3921 dicta,
1678 3844 1861 3925 juxta
1890 3860 2174 3906 eommu-

606 3954 757 3999 nem
806 3952 995 4001 usum
1048 3938 1239 4019 hujus
1290 3937 1487 4013 vocis,
1540 3938 1850 4011 absolute,
1886 3938 2168 4017 inquam,

608 4031 797 4108 dicta,
812 4032 1136 4111 supposito
1152 4030 1465 4108 tribuitur,
1478 4047 1607 4094 non
1622 4039 1863 4094 naturae
1884 4050 1900 4105 ;
1920 4030 2172 4113 proprie

610 4127 779 4187 enim
808 4126 1019 4189 divina
1068 4124 1459 4206 providentia
1505 4132 1792 4189 versatur
1818 4126 1985 4189 circa
2026 4144 2176 4205 sup-

610 4220 835 4299 posita,
858 4219 961 4282 vel
988 4234 1293 4299 personas
1313 4236 1471 4299 quas
1500 4220 1811 4300 gubernat
1830 4236 1847 4293 ς
1880 4218 2046 4281 circa
2067 4235 2178 4279 na-

610 4319 785 4373 turas
809 4328 985 4388 vero,
1012 4330 1143 4373 non
1162 4313 1280 4374 nisi
1301 4314 1545 4375 ratione
1566 4314 2036 4393 suppositorum
2057 4330 2074 4385 ;
2109 4318 2172 4374 et

609 4406 755 4467 ideo
782 4404 1269 4486 praedestinatiO,
1302 4424 1441 4486 quoe
1466 4414 1559 4469 est
1584 4424 1731 4487 pars
1756 4406 1944 4485 hujus
1968 4406 2170 4485 provi-

611 4498 864 4571 dentiae,
896 4497 1181 4561 absolute
1220 4498 1408 4573 dicta,
1441 4498 1709 4562 refertur
1753 4497 1836 4561 ad
1880 4499 2172 4580 supposi-

610 4600 770 4655 tum.
804 4592 961 4653 Item
1010 4594 1161 4672 quia
1186 4592 1645 4673 praedestinatio
1674 4594 1945 4655 aliorum
1973 4592 2174 4655 bomi-

610 4702 767 4748 num
814 4685 915 4747 vel
960 4684 1347 4764 Angelorum
1376 4686 1661 4751 absolute
1691 4686 1858 4751 diota
1910 4686 2179 4749 retertur

612 4778 695 4839 ad
748 4776 1237 4855 beatitudinem,
1272 4774 1355 4841 ad
1402 4795 1594 4859 quam
1639 4780 2000 4843 humanitas
2048 4794 2176 4841 non

610 4871 731 4933 fuit
768 4872 1021 4951 proprie
1052 4871 1532 4952 proedestinata3
1566 4874 2036 4954 praedestinatio
2066 4890 2176 4934 au-

612 4972 741 5028 tem
772 4964 1001 5029 Christi
1046 4966 1430 5043 immediate,
1464 4972 1527 5031 et
1557 4984 1675 5049 per
1718 4983 1789 5031 se
1845 4967 2182 5031 terminata

614 5057 821 5120 estad
850 5058 1060 5139 ipsum
1099 5057 1431 5135 Christum,
1466 5065 1527 5123 et
1554 5060 1699 5123 ideo
1731 5060 2091 5142 simpliciter
2117 5065 2180 5122 et

614 5152 901 5215 absolute
920 5152 1201 5217 Christus
1220 5162 1317 5218 est
1345 5154 1825 5236 praedestinatus
1846 5175 1861 5227 ;
1894 5154 2180 5216 humani-

614 5252 711 5308 tas
732 5262 885 5309 vero
914 5246 1201 5325 quamvis
1227 5266 1340 5328 per
1368 5248 1659 5311 eamdem
1686 5247 2182 5330 praedestinatio-

616 5354 770 5401 nem
802 5340 1091 5401 ordinata
1118 5341 1204 5401 sit
1225 5342 1309 5403 ad
1344 5342 1649 5405 unionem
1688 5340 2178 5423 hypostaticam,

613 5446 742 5496 non
771 5440 985 5495 tamen
1012 5432 1131 5495 t'uit
1166 5436 1531 5517 simpliciter
1568 5436 2038 5517 praedestinata,
2068 5434 2183 5497 sed

618 5529 709 5602 (ut
738 5525 821 5589 ita
844 5524 1071 5607 dicam)
1099 5528 1679 5609 compraedestinata
1705 5550 1724 5607 ς
1758 5532 1822 5591 et
1860 5526 2004 5591 ideo
2049 5542 2179 5589 non

2731 938 3084 1020 QUAEs'no
3121 940 3316 1007 XXV.

2307 1140 2386 1190 DE
2423 1138 2800 1191 munem!
2837 1136 3100 1200 etiamn,
3145 1138 3212 1187 m
3267 1134 3377 1189 m
3411 1138 3657 1198 uncum

2905 1232 3132 1283 musa.

2323 1400 2555 1467 Deinde
2583 1400 3080 1467 considerandum
3099 1404 3199 1464 ost
3221 1398 3294 1465 da
3323 1398 3416 1465 Ιιίε
3445 1418 3554 1481 m
3573 1414 3697 1483 ptr-fi.

2239 1502 2383 1563 καί
2407 1496 2490 1561 ad
2507 1494 2818 1563 Christum
2849 1494 2919 1557 in
2947 1494 3396 1575 comparatione
3425 1496 3496 1557 ad
3521 1512 3620 1559 sos.
3643 1502 3699 1567 Et

2235 1594 2439 1672 primo
2463 1592 2534 1655 do
2557 1588 2904 1655 adoratione
2933 1584 3199 1663 Christi,
3227 1604 3370 1669 qna,
3397 1588 3605 1665 evilim,
3633 1614 3698 1659 m

2243 1702 2376 1749 eum
2397 1684 2746 1749 moramve.
2779 1681 3084 1758 Secundo,
3113 1680 3191 1747 do
3224 1679 3336 1744 Ιιοο
3365 1682 3508 1761 quod
3534 1688 3602 1747 m
3617 1687 3700 1751 He·

2245 1775 2444 1843 diacos·
2457 1780 2662 1842 noster
2687 1776 2774 1839 ad
2796 1774 3012 1839 Deum.

2323 1871 2418 1937 m
2447 1874 2612 1937 eirca
2631 1870 2908 1951 primum
2925 1870 3295 1950 qum-tumn·
3317 1882 3440 1931 eoa.

2325 1968 2563 2041 Primo,
2596 1968 2808 2030 utrem
2841 1978 2970 2027 m
3012 1966 3071 2025 et
3101 1960 3312 2025 eaden·
3356 1960 3699 2031 maumas

2245 2060 2555 2127 adoranda
2577 2058 2871 2123 divinitae
2909 2053 3152 2121 Christi
3177 2058 3241 2118 et
3263 2053 3396 2134 eju
3425 2056 3696 2121 munim.

2332 2152 2630 2229 Secundo,
2653 2156 2864 2216 utrum
2917 2164 3062 2214 earo
3091 2146 3337 2215 omen
3370 2148 3452 2213 cit
3485 2148 3696 2217 aaran

2247 2248 2598 2317 adoratione
2616 2248 2844 2311 latrice.

2331 2342 2563 2418 fortio,
2585 2346 2795 2405 uirum
2816 2338 3096 2405 adoratio
3117 2333 3338 2401 ζωνία,-
3369 2332 3450 2400 n't
3471 2334 3696 2403 nm

2245 2436 2514 2519 imayiai
2543 2432 2800 2502 Christi.
2856 2486 2866 2497 .

2332 2530 2588 2607 Quarto,
2615 2532 2826 2595 amm
2848 2528 2934 2593 rit
2957 2524 3298 2593 amada
3323 2522 3479 2589 enei
3495 2522 3670 2589 Christi

2329 2626 2574 2702 Quinto,
2602 2628 2812 2687 amm
2837 2624 2923 2687 eit
2947 2618 3282 2686 arcuada
3305 2620 3486 2683 matri
3505 2621 3618 2699 eju.

2334 2720 2550 2798 Sexto,
2582 2718 2654 2785 de
2693 2716 3045 2785 adoratione
3085 2713 3492 2797 reliquium
3529 2708 3697 2779 Sauo·

2247 2832 2412 2882 run.

2331 3004 2708 3085 Quanquam
2762 3006 2942 3066 aetus
3005 2996 3394 3065 adorationis
3439 2998 3499 3061 in
3550 3012 3698 3074 genere

2251 3104 2537 3181 sumptus
2557 3097 2638 3160 ad
2661 3100 2860 3160 totam
2881 3096 3282 3171 Trinitatem,
3305 3099 3370 3157 et
3395 3090 3470 3157 ad
3489 3086 3698 3155 Christum

2249 3194 2446 3257 Deum
2476 3190 2824 3268 hominem,
2855 3194 2918 3252 et
2939 3206 3056 3251 suo
3096 3186 3296 3251 modo
3325 3186 3405 3250 ad
3433 3186 3698 3255 sanctuari

2251 3289 2333 3353 ad
2359 3306 2463 3351 res
2493 3286 2670 3363 alias,
2699 3283 2780 3348 de
2819 3284 3050 3366 quibus
3099 3284 3170 3346 in
3223 3278 3591 3363 sequentihus
3605 3274 3698 3338 dice

2249 3400 2416 3458 mus,
2433 3377 2764 3445 terminari
2792 3378 2994 3459 possit
3011 3393 3124 3440 seu
3153 3376 3399 3453 referri,
3423 3380 3482 3437 et
3499 3368 3697 3435 ideohre

2251 3476 2516 3541 materia
2545 3492 2678 3537 non
2707 3472 3000 3536 videatur
3037 3469 3233 3552 hujus
3256 3470 3376 3534 loci
3402 3462 3697 3551 pmpfia,sed

2253 3570 2335 3635 ad
2356 3573 2688 3633 tractatum
2713 3566 2794 3630 de
2831 3564 3174 3629 virtutibus
3213 3564 3530 3647 pertinere,
3551 3560 3630 3620 uhi
3649 3556 3694 3617 de

2251 3662 2557 3746 religione
2581 3662 2814 3743 agitur,
2845 3660 3028 3740 cujus
3061 3664 3246 3722 actus
3289 3662 3384 3720 eat
3407 3652 3696 3725 adornamui

2252 3761 2498 3822 constat
2537 3774 2616 3819 ex
2661 3758 2722 3818 2.
2747 3758 2810 3828 2,
2833 3772 2898 3835 q.
2931 3754 3002 3817 81
3037 3760 3103 3817 et
3127 3756 3239 3826 84,
3279 3756 3540 3814 auctores
3565 3754 3695 3807 tamen

2254 3868 2501 3926 omnes,
2523 3847 2629 3930 qui
2663 3847 3016 3911 doctrinam
3045 3846 3126 3910 de
3155 3842 3286 3909 hoc
3306 3836 3700 3925 mysteriotradi-

2255 3946 2505 4021 derunt,
2527 3940 2713 4005 simul
2730 3940 2812 4003 de
2835 3938 3212 4003 adoratione
3236 3936 3448 4001 Christi
3463 3934 3696 4013 disputant,

2254 4038 2403 4118 quia
2427 4034 2727 4107 haeretici,
2755 4030 2914 4096 sicut
2940 4034 3006 4095 in
3035 4030 3408 4113 explicando
3431 4028 3534 4089 boc
3551 4028 3700 4104 myste-

2253 4130 2349 4192 rio
2379 4126 2828 4190 incarnationis
2871 4130 3190 4199 errarunt,
3223 4124 3311 4185 ita
3339 4120 3416 4183 de
3443 4116 3698 4181 adoratione

2256 4220 2494 4285 Christo
2523 4218 2740 4283 debita
2765 4218 2930 4282 male
2979 4221 3340 4281 senserunt.
3363 4216 3580 4293 Propter
3597 4204 3697 4287 qnod

2252 4316 2439 4378 etiam
2469 4310 2770 4390 Concilia,
2791 4326 2934 4391 quse
2957 4310 3294 4374 veritatem
3323 4308 3492 4386 hujus
3513 4308 3694 4381 mysteri

2251 4406 2632 4470 definierunt
2651 4450 2668 4481 ,
2717 4404 2908 4468 simul
2981 4415 3230 4468 errores
3299 4400 3564 4463 damnant
3601 4392 3696 4453 citu

2252 4498 2477 4563 Christi
2506 4498 2962 4574 adorationem,
2994 4504 3058 4561 et
3085 4512 3308 4561 veram
3343 4488 3508 4557 simul
3531 4486 3591 4549 de
3605 4482 3694 4545 adu-

2257 4592 2500 4656 ratione
2531 4592 2880 4655 doctrinam
2899 4591 3153 4655 docent.
3189 4591 3444 4669 Propter
3462 4582 3589 4643 hanc
3605 4590 3692 4677 ergo

2257 4701 2508 4749 causam
2537 4686 2612 4749 D.
2661 4686 2912 4762 Thon„
2962 4700 3108 4749 cum
3164 4682 3304 4747 aliis
3345 4672 3628 4751 Theologis
3647 4682 3690 4773 '1¹1

2255 4780 2464 4857 tertio,
2487 4778 2762 4843 distinct.
2791 4780 2856 4856 9,
2887 4779 2970 4865 de
2997 4776 3366 4841 adoratione
3390 4770 3496 4833 hoe
3511 4766 3612 4828 lace
3621 4762 3692 4821 dis-

2259 4874 2489 4945 seruitz
2513 4888 2704 4954 quam
2727 4890 2847 4935 nos
2874 4866 3076 4935 fusius
3100 4878 3544 4952 persequemur,
3559 4864 3691 4957 nime

2261 4968 2381 5031 lius
2408 4971 2539 5030 tota
2557 4964 2638 5029 de
2667 4964 3036 5029 adoratione
3059 4962 3342 5029 doctrina
3367 4946 3692 5035 eomprehenffi

2261 5060 2480 5143 possit,
2501 5066 2566 5123 et
2587 5060 2925 5140 complete,
2958 5071 3032 5121 ac
3053 5056 3330 5139 perfecto
3355 5048 3690 5124 tradintnon·

2261 5155 2434 5216 nulla
2468 5154 2773 5235 principia
2815 5152 3172 5216 necessario
3217 5142 3472 5229 petenda
3501 5141 3690 5201 aruum

2263 5246 2448 5310 citato
2493 5246 2635 5310 loco
2678 5248 2742 5309 2.
2765 5248 2832 5324 2,
2861 5247 2997 5309 sine
3035 5242 3268 5325 quibus
3291 5236 3418 5305 fleri
3439 5242 3542 5299 aaa
3559 5228 3688 5309 potest

2261 5348 2331 5406 ut
2359 5340 2649 5405 doctrina
2675 5338 2812 5406 haec
2833 5344 3006 5407 recte
3029 5334 3418 5420 inteuigatur.
