3892 6167
1339 341 1664 396 stavunt.
1694 341 1818 394 ull.
1853 341 2023 396 SECT.
2060 343 2144 396 m.

109 449 332 516 retur,
365 439 580 502 dicere
608 446 850 520 posset:
883 439 950 504 Si
985 457 1051 502 re
1083 441 1216 519 ipsa
1249 442 1696 504 humanitatem

107 553 158 594 a.
215 535 428 598 Verbo
471 535 886 614 separaveris,
933 534 1112 605 Quod
1153 551 1303 596 vero
1346 534 1556 604 addit,
1583 534 1701 594 hu·

107 628 510 688 manitatem
553 627 644 688 sic
683 627 1018 705 cogitatam
1048 645 1174 688 non
1225 645 1366 690 esse
1415 626 1700 688 adorabi-

105 720 252 782 lem
271 765 290 791 ,
323 726 500 782 recte
525 738 564 782 a
591 722 666 782 D.
697 721 938 782 Thoma
965 720 1316 797 expositum
1349 727 1446 782 est
1485 720 1566 782 de
1592 719 1698 780 ab·

111 813 340 877 soluta
367 819 432 874 et
456 813 734 892 perfecta
759 813 960 876 latria.
983 813 1352 893 Exemplum
1374 831 1523 876 vero
1553 813 1700 875 ferri

107 907 337 986 igniti,
369 925 498 985 quo
527 908 809 968 Damaso.
844 913 1060 981 utitur,
1080 925 1208 968 non
1231 925 1370 968 esse
1393 907 1479 967 ita
1505 914 1702 968 mate·

110 998 373 1061 rialiter
403 999 904 1078 intelligendum,
928 1006 997 1062 ut
1026 999 1220 1062 animi
1243 1006 1452 1062 motus
1479 999 1546 1060 in
1572 1017 1704 1060 om·

113 1093 322 1153 nibus
353 1091 748 1154 existimandi
773 1092 900 1155 sint
923 1093 1191 1169 similes,
1223 1093 1324 1154 vel
1351 1092 1696 1172 proportio·

109 1187 260 1248 nati
313 1187 592 1250 motibus
643 1188 942 1267 corporis.
978 1187 1272 1261 Quamvis
1323 1205 1474 1266 ergo
1521 1193 1695 1248 motu

107 1282 416 1360 corporis
445 1299 568 1342 non
599 1281 796 1360 possit
825 1281 966 1358 quis
993 1281 1292 1344 accedere
1322 1281 1420 1342 vel
1445 1280 1698 1344 recede-

107 1394 190 1436 re
225 1375 316 1436 ab
345 1374 540 1452 ignito
571 1374 760 1448 ferro,
791 1375 946 1452 quin
977 1374 1062 1436 ab
1102 1375 1252 1454 igne
1277 1375 1567 1449 recedat,
1599 1392 1700 1436 co-

109 1469 438 1548 gitatione
485 1473 700 1531 tamen
747 1472 916 1530 recte
965 1471 1168 1548 potest
1213 1482 1412 1529 unum
1456 1467 1536 1530 ab
1575 1466 1698 1529 alio

111 1577 496 1634 secernere,
525 1559 701 1622 etad
727 1577 925 1620 unum
954 1559 1089 1622 sine
1117 1560 1240 1622 alio
1267 1559 1605 1633 accedere;
1637 1563 1701 1622 et

111 1653 556 1732 proprietates
599 1669 762 1730 quas
802 1652 1300 1733 unumquodque
1344 1671 1422 1714 ex
1451 1671 1521 1716 se
1565 1653 1699 1714 siue

111 1747 258 1808 alio
291 1745 482 1808 hahet
505 1787 522 1818 ,
555 1745 656 1806 vel
697 1763 858 1825 quas
890 1745 1218 1825 participat
1263 1765 1340 1808 ex
1384 1746 1698 1808 consortio

115 1840 420 1908 alterius,
447 1839 702 1917 praecise
729 1839 1152 1902 considerare.
1185 1840 1336 1902 Cum
1365 1858 1520 1918 ergo
1548 1839 1702 1902 ado-

115 1932 296 1996 ratio
347 1931 592 1996 actibus
641 1931 872 1994 mentis
923 1930 1034 1994 fiat
1087 1939 1147 1994 et
1201 1933 1416 1996 tendat
1457 1932 1520 1994 in
1564 1948 1700 1994 rem

117 2032 326 2105 prout
376 2026 716 2106 cogitatur,
754 2025 1042 2104 quamvis
1074 2025 1431 2088 humanitas
1476 2025 1698 2086 Christi

118 2123 214 2182 sit
255 2121 408 2200 igne
447 2119 785 2182 divinitatis
818 2120 1048 2200 ignita,
1078 2120 1340 2198 cogitari
1377 2125 1576 2200 potest
1603 2119 1702 2180 vel

117 2213 488 2276 secundum
506 2231 600 2288 se,
615 2213 716 2276 vel
737 2213 1080 2274 secundum
1103 2213 1492 2291 dignitatem,
1510 2231 1702 2293 quam

117 2307 333 2370 habet
355 2325 431 2368 ex
460 2307 695 2370 unione
720 2304 802 2367 ad
831 2305 1244 2378 divinitatem,
1267 2325 1398 2368 non
1426 2310 1700 2388 cogitata

121 2401 350 2464 divina
391 2418 662 2480 persona
691 2399 786 2462 vel
815 2405 1042 2460 natura
1071 2399 1418 2462 secundum
1449 2418 1516 2462 se
1538 2445 1554 2474 ,
1587 2419 1702 2464 seu

122 2501 434 2572 tanquam
473 2492 812 2573 objectum,
846 2492 1010 2554 circa
1037 2492 1208 2572 quod
1249 2511 1363 2573 per
1403 2512 1471 2554 se
1501 2493 1700 2572 primo

123 2591 426 2652 versetur
471 2586 790 2666 cogitatio,
836 2585 952 2648 sed
996 2585 1198 2648 solum
1241 2592 1314 2648 ut
1353 2585 1556 2648 forma
1599 2605 1702 2646 ex-

127 2681 450 2754 trinseca,
479 2697 596 2742 seu
622 2678 924 2742 terminus
951 2679 1201 2741 unionis
1227 2680 1654 2742 humanitatis.

211 2778 322 2837 40.
353 2773 446 2837 Ad
467 2771 762 2853 cyrillum
783 2772 1222 2852 respondetur,
1245 2774 1702 2838 humanitatem

115 2867 388 2949 proprie
415 2885 490 2927 ac
513 2884 628 2948 per
651 2883 722 2928 se
755 2883 884 2926 non
919 2865 1153 2928 habere
1194 2867 1409 2928 sedem
1447 2867 1706 2932 distinc-

117 2969 266 3022 tam
299 2979 332 3022 a
355 2978 624 3040 persona
645 2960 838 3038 cujus
867 2965 986 3035 est,
1013 2977 1162 3020 nam
1182 2961 1404 3022 sedere
1436 2959 1518 3022 ad
1561 2980 1707 3040 per-

119 3070 356 3116 sonam
386 3071 497 3132 per
521 3071 590 3114 so
611 3054 904 3132 pertinet,
939 3053 1103 3116 sicut
1133 3071 1398 3133 regnare
1417 3059 1480 3118 et
1503 3054 1707 3116 domi-

119 3145 296 3218 nari,
327 3152 390 3207 et
419 3143 656 3208 babere
689 3146 846 3206 alios
881 3145 1090 3206 titulos
1125 3146 1450 3226 dignitatis
1497 3154 1560 3210 et
1593 3165 1704 3226 po-

123 3239 370 3313 tentiae,
399 3237 511 3316 qui
541 3239 846 3318 perillam
869 3238 1088 3300 sedem
1113 3239 1548 3319 intelliguntur
1563 3257 1583 3316 ;
1613 3247 1704 3302 ta-

123 3351 305 3402 men,
339 3333 482 3394 licet
533 3331 890 3394 humanitas
936 3350 1050 3411 per
1085 3349 1154 3392 se
1183 3350 1314 3393 non
1341 3332 1574 3395 habeat
1605 3352 1701 3394 se·

125 3427 304 3492 dem,
337 3427 397 3486 in
430 3425 602 3486 illam
627 3424 938 3486 redundat
955 3425 1125 3488 illius
1151 3425 1320 3488 sedis
1347 3426 1616 3504 dignitas
1640 3433 1702 3488 et

125 3518 531 3600 participatio
558 3518 876 3596 quaedam,
906 3518 1253 3580 secundum
1282 3538 1474 3599 quam
1497 3525 1703 3597 potest

129 3612 400 3693 praecise
429 3612 674 3690 concipi
715 3617 780 3672 et
808 3611 950 3673 coli.
997 3613 1086 3674 Ex
1131 3630 1256 3691 quo
1297 3631 1424 3674 nou
1483 3611 1553 3674 fit
1579 3611 1698 3674 hu-

129 3706 510 3768 manitatem
535 3705 770 3766 habere
796 3705 1149 3768 distinctam
1179 3706 1416 3778 sedem,
1453 3705 1569 3768 sed
1585 3723 1697 3786 po-

127 3801 264 3862 tius
287 3800 573 3878 sequitur
604 3800 1054 3862 humanitatem
1085 3818 1198 3880 per
1216 3819 1287 3862 se
1307 3817 1434 3862 non
1464 3801 1696 3862 habere

135 3891 386 3966 sedem,
403 3909 610 3971 neque
631 3894 714 3954 ita
738 3892 824 3952 illi
849 3893 910 3952 in
940 3893 1254 3957 abstracto
1285 3893 1698 3956 consideratae

131 3985 478 4058 convenire
505 3993 699 4048 totam
731 3985 1126 4066 majestatem
1156 4004 1438 4067 personoe
1476 3985 1702 4048 seden-

131 4082 242 4156 tis,
261 4080 422 4142 sicut
444 4080 560 4159 ipsi
577 4097 858 4159 personat
879 4081 976 4142 vel
1000 4080 1224 4142 divinae
1241 4084 1506 4142 naturae.
1525 4081 1703 4152 Quod

137 4176 188 4236 si
213 4176 358 4252 quis
383 4173 632 4248 inferat,
667 4175 814 4236 hinc
849 4176 1024 4254 sequi
1061 4176 1516 4236 humanitatem
1571 4193 1698 4238 non

138 4267 412 4339 adorari,
440 4267 586 4345 quia
615 4266 864 4328 adorari
907 4268 1110 4330 solum
1145 4272 1240 4332 est
1281 4268 1440 4347 ejuS,
1477 4268 1585 4347 qui
1634 4269 1701 4328 in

139 4362 367 4423 throno
398 4377 508 4420 seu
541 4358 844 4439 dignitate
871 4360 1070 4433 sedet,
1119 4361 1536 4441 respondetur
1581 4363 1701 4423 hoc

139 4471 281 4515 esse
306 4470 528 4514 verum
553 4452 632 4514 de
663 4455 1086 4532 propriissime
1121 4462 1184 4516 et
1213 4455 1522 4534 completa
1547 4455 1700 4516 ado-

135 4548 410 4622 ratione,
435 4545 516 4607 de
539 4563 664 4625 qua
695 4545 960 4626 cyrillus
985 4565 1062 4608 eo
1101 4549 1241 4610 loco
1296 4549 1567 4626 agebat3
1603 4549 1701 4609 in·

135 4641 452 4719 complete
490 4646 702 4700 tamen
729 4658 805 4703 ac
849 4642 1054 4702 minus
1084 4642 1355 4720 proprie,
1381 4661 1458 4704 ex
1485 4642 1702 4722 praeci-

135 4733 324 4794 sione
349 4732 578 4794 mentis
607 4750 679 4793 ac
703 4733 1098 4813 cogitationis
1118 4736 1433 4810 humanae,
1453 4755 1578 4798 non
1605 4754 1706 4798 re·

133 4833 386 4906 pugnat
414 4824 864 4890 humanitatem
897 4828 962 4888 in
1005 4827 1316 4890 abstracto
1346 4830 1708 4892 considera-

131 4927 270 4980 tam
296 4916 568 4980 adorari.

221 5012 324 5072 41.
359 5013 563 5090 Atque
585 5011 731 5073 hinc
757 5012 938 5074 facile
969 5015 1386 5094 respondetur
1413 5016 1494 5078 ad
1523 5015 1708 5078 Atha·

137 5103 438 5182 nasium3
471 5104 675 5166 solum
703 5108 872 5166 enim
915 5106 1146 5169 docere
1199 5109 1466 5170 intendit
1493 5116 1710 5172 contra

133 5197 566 5272 Nestoi-tanos,
599 5217 823 5278 corpus
847 5200 1066 5260 Christi
1098 5207 1159 5263 et
1179 5201 1454 5262 Verbum
1485 5201 1708 5263 eadem

135 5290 512 5352 adoratione
542 5294 852 5372 completa
882 5301 946 5355 et
990 5295 1232 5373 integra
1263 5296 1404 5366 coli,
1463 5303 1526 5356 et
1579 5313 1710 5357 non

139 5400 296 5446 esse
325 5382 646 5446 adoranda
693 5393 992 5466 tanquam
1029 5389 1232 5470 reipsa
1283 5396 1596 5469 separata,
1649 5394 1714 5451 et

140 5476 562 5556 personaliter
573 5478 908 5560 disjuncta3
927 5501 1055 5546 non
1069 5501 1220 5546 vero
1229 5483 1501 5546 excludit
1523 5483 1710 5546 Atha·

483 5597 657 5644 xvnt.

1783 440 2023 514 nasius,
2058 438 2209 518 quin
2242 439 2609 519 praecisione
2637 443 2867 504 mentis
2894 446 3337 524 possitunum·

1781 533 2077 612 quodque
2102 533 2445 595 secundum
2468 535 2719 613 propria
2736 538 2995 616 concipi.
3024 540 3213 617 Cujus
3240 562 3339 604 ar·

1781 633 2150 704 gumentum
2183 626 2583 690 manifestum
2612 631 2877 691 sumitur
2916 650 2991 692 ex
3032 634 3153 696 illis
3199 653 3340 698 ver-

1781 719 1910 782 bis:
1939 721 2150 800 Neque
2187 719 2429 784 Verbum
2456 720 2797 792 adoraturi,
2832 724 3079 788 Verbum
3106 745 3341 791 acam

1779 813 1953 892 lonae
1966 815 2327 892 seponimus.
2352 814 2509 876 Nam
2538 815 2883 877 secundum
2908 819 3339 894 prmcisionem

1783 906 2036 977 mentis,
2070 905 2307 966 clarum
2336 911 2432 967 est
2463 925 2647 982 posse
2699 927 2815 970 nos
2867 909 3142 973 Verbum
3174 931 3338 992 pree·

1785 997 1910 1060 eisc
1956 998 2289 1076 concipere
2334 1005 2397 1062 et
2447 999 2757 1073 adoraret,
2792 1020 2967 1082 erge,
3014 1024 3155 1065 cum
3190 1007 3279 1068 ait
3316 1025 3331 1068 ε

1793 1090 2043 1156 Verbum
2066 1109 2185 1152 non
2212 1091 2383 1170 lonye
2407 1091 2773 1172 seponimus,
2793 1095 3067 1176 loquitur
3086 1098 3165 1160 de
3196 1099 3339 1163 abs·

1775 1183 2083 1246 tractione
2144 1185 2456 1263 negativa,
2490 1192 2553 1246 et
2601 1186 2681 1248 de
2730 1190 3125 1266 separatione
3165 1193 3227 1253 in
3267 1211 3337 1256 re

1777 1280 1951 1357 ipsa;
1986 1297 2139 1356 ergo
2192 1279 2417 1342 eodem
2472 1298 2665 1342 sensu
2722 1283 3169 1364 intelligendus
3214 1295 3333 1360 est,

1779 1389 1924 1432 cum
1972 1371 2125 1434 dicit
2154 1390 2189 1433 e
2219 1373 2554 1447 contrat-io,
2580 1391 2809 1452 corpus
2838 1395 2963 1438 non
2994 1382 3269 1459 separari
3298 1399 3336 1441 a

1783 1464 2011 1526 Verbo.
2034 1465 2237 1543 Atque
2267 1465 2437 1526 idem
2465 1464 2652 1545 plane
2676 1474 2771 1528 est
2822 1487 3046 1532 sensus
3077 1473 3339 1536 Anthro-

1780 1557 1876 1631 sii,
1907 1575 2053 1618 nam
2082 1557 2361 1620 dividere
2376 1558 2706 1634 Christum,
2733 1568 2803 1623 ut
2828 1581 3019 1642 supra
3040 1564 3187 1640 dixi,
3208 1586 3336 1630 non

1783 1656 1880 1712 est
1908 1649 2347 1729 proescindere,
2376 1651 2487 1712 sed
2517 1669 2751 1732 negare
2780 1655 3083 1718 unitatem
3121 1677 3340 1737 perso-

1781 1760 1880 1804 nae
1907 1763 1926 1814 ;
1958 1745 2076 1807 hoc
2104 1749 2315 1806 autem
2350 1743 2537 1806 modo
2575 1763 2703 1808 non
2750 1746 2972 1810 dividit
2998 1749 3335 1826 Christum,

1781 1837 1892 1914 qui
1921 1837 2373 1898 humanitatem
2394 1839 2533 1917 ejus
2558 1841 2811 1918 praecise
2840 1844 3071 1922 cogitat
3100 1851 3163 1908 et
3190 1846 3343 1910 ado·

1781 1937 1900 2003 rat,
1925 1931 2041 1992 sed
2064 1931 2267 1992 solum
2291 1931 2615 2010 distinguit
2642 1941 2933 2009 naturas3
2965 1937 3113 2001 dicit
3130 1947 3345 2004 autem

1782 2025 1973 2103 paulo
2004 2024 2265 2086 inferius
2294 2025 2460 2086 idem
2497 2027 2865 2090 Ambrosius
2901 2049 2915 2090 :
2946 2031 3095 2096 Non
3140 2033 3345 2100 divido

1785 2117 2115 2191 Cleri-stum,
2148 2136 2287 2182 oum
2312 2121 2519 2182 carnis
2544 2121 2680 2198 ejvs
2727 2123 3189 2206 divinitatisque
3216 2125 3346 2190 die·

1781 2213 1993 2290 linquo
2014 2212 2439 2276 substantiam.

1863 2307 1965 2366 42.
2016 2304 2113 2365 Ad
2161 2305 2576 2384 Augustinum
2622 2309 3060 2388 respondetur,
3118 2313 3347 2374 eodem

1783 2415 1975 2459 sensu
2012 2396 2181 2476 loqui
2229 2415 2355 2476 quo
2408 2405 2673 2462 caeteros
2723 2402 2966 2475 Patres;
3002 2422 3147 2466 cum
3194 2422 3345 2486 ergo

1783 2493 1894 2564 ait,
1917 2490 2242 2552 adorando
2258 2489 2571 2554 Christum
2594 2510 2721 2554 non
2742 2511 2884 2558 esse
2902 2496 2981 2556 de
3010 2497 3143 2558 sola
3158 2515 3345 2562 carne

1785 2583 2213 2664 cogitandum,
2247 2602 2473 2646 sensus
2492 2592 2589 2646 est
2638 2605 2763 2648 non
2821 2605 2961 2650 esse
2994 2589 3073 2650 dn
3102 2589 3345 2653 Christo

1787 2676 2195 2757 cogitandum
2248 2683 2553 2755 tanquam
2598 2678 2681 2740 de
2728 2699 2887 2758 puro
2940 2681 3221 2757 homine,
3264 2683 3347 2748 de

1785 2771 2101 2851 quonihil
2128 2771 2323 2850 possit
2347 2769 2532 2832 altius
2558 2788 2634 2832 ac
2658 2774 3063 2836 excellentius
3082 2778 3345 2856 cogitari

1787 2883 1977 2943 quam
2006 2864 2087 2924 sit
2115 2882 2263 2926 caro
2284 2882 2397 2924 seu
2428 2865 2823 2939 humanitas;
2866 2869 2977 2947 qui
3004 2874 3217 2932 autem
3264 2871 3345 2934 de

1785 2957 2022 3022 Christo
2052 2959 2287 3038 cogitat
2312 2958 2745 3020 excellentiam
2796 2977 2987 3038 quam
3040 2963 3230 3027 habet
3276 2965 3345 3026 iu

1787 3051 2200 3124 humanitate,
2234 3051 2420 3112 etiam
2445 3051 2494 3114 si
2522 3051 2709 3114 aliam
2742 3053 3175 3118 excellentiam
3214 3076 3345 3119 non

1786 3145 2169 3218 consideret,
2198 3142 2542 3206 dummodo
2577 3164 2705 3207 non
2736 3145 3052 3223 excludat,
3104 3167 3229 3212 non
3253 3169 3347 3212 re-

1785 3245 1999 3300 manet
2018 3239 2085 3298 in
2114 3255 2332 3311 carne,
2371 3237 2519 3316 quia
2550 3255 2695 3300 vere
2720 3239 2921 3300 credit
2958 3240 3347 3306 divinitatem

1783 3333 1944 3410 ejus,
1973 3332 2163 3394 etiam
2192 3330 2241 3392 si
2278 3331 2359 3390 de
2402 3347 2481 3392 ea
2531 3336 2677 3391 actu
2722 3349 2851 3392 non
2892 3334 3143 3412 cogitet.
3189 3337 3349 3398 Prae-

1781 3424 1997 3486 sertim
2030 3423 2179 3502 quia
2207 3421 2379 3482 aliud
2408 3428 2505 3482 est
2554 3423 2729 3501 loqui
2756 3424 2837 3485 de
2868 3425 3135 3501 Christo,
3162 3434 3349 3507 prout

1779 3517 2171 3597 Augustinus
2194 3516 2493 3594 loquitur,
2518 3516 2687 3576 aliud
2718 3516 2797 3577 de
2817 3517 3232 3595 humanitate,
3261 3521 3343 3583 de

1781 3629 1906 3690 qua
1936 3628 2048 3672 nos
2073 3627 2237 3670 nunc
2264 3609 2510 3687 agimus
2538 3631 2555 3682 ς
2584 3609 2866 3672 Christus
2896 3613 3065 3676 enim
3089 3632 3343 3694 semper

1778 3704 2147 3783 cogitandus
2174 3709 2271 3764 est
2293 3703 2479 3774 Deus,
2505 3702 2861 3766 humanitas
2890 3724 3040 3767 vero
3070 3722 3197 3769 non
3232 3725 3341 3786 po·

1777 3805 1898 3860 test
1923 3797 2182 3877 cogitari
2225 3796 2413 3858 Deus.
2455 3795 2655 3872 Unde,
2700 3797 2751 3858 si
2790 3798 2875 3860 ob
2918 3797 3085 3862 hauc
3139 3799 3339 3862 solam

1778 3909 2037 3952 causam
2068 3889 2313 3952 dicatur
2336 3887 2562 3968 aliquis
2586 3889 2805 3952 sistere
2834 3891 2901 3952 in
2929 3909 3144 3965 carne,
3190 3894 3341 3972 quia

1781 3983 2061 4063 cogitans
2086 3981 2537 4044 humanitatem
2568 3999 2695 4042 non
2720 3983 3137 4062 apprehendit
3164 3984 3338 4056 illam

1783 4081 1854 4138 ut
1879 4079 2097 4146 Deum,
2130 4092 2337 4153 neque
2369 4079 2436 4135 ut
2465 4073 2742 4136 divinam
2768 4080 2835 4137 et
2861 4076 3205 4140 increatam
3232 4097 3340 4140 na-

1782 4176 2011 4242 turam,
2037 4187 2163 4230 non
2196 4167 2361 4228 male
2388 4167 2537 4228 facit
2563 4185 2773 4246 nequo
2808 4177 3012 4241 errat;
3042 4171 3170 4232 imo
3189 4189 3338 4234 con·

1783 4263 2042 4326 trarium
2092 4260 2428 4341 cogitando
2475 4259 2657 4322 valde
2694 4269 2935 4324 erraret
2960 4280 2977 4335 ;
3029 4263 3339 4328 immerito

1781 4362 1993 4418 tamen
2022 4356 2263 4416 dicetur
2294 4353 2651 4432 hujusmodi
2676 4354 2867 4418 homo
2914 4373 3245 4420 remanere
3268 4377 3339 4420 ιιι

1779 4469 1993 4526 carne,
2024 4450 2075 4511 si
2118 4447 2349 4526 cogitet
2396 4447 2567 4508 ittam
2610 4448 3064 4512 humanitatem
3102 4469 3231 4512 non
3270 4458 3339 4516 ut

1781 4543 2083 4617 divinam,
2107 4541 2218 4603 scd
2248 4549 2316 4603 ut
2356 4540 2711 4602 deificatam
2762 4548 3074 4617 naturam,
3102 4550 3212 4604 aut
3234 4544 3338 4606 di-

1784 4639 1930 4700 vino
1950 4637 2177 4716 Spiritu
2206 4636 2533 4698 excellenti
2558 4635 2742 4698 modo
2771 4637 3246 4700 sanctificatam.

1865 4734 1965 4804 43,
2012 4730 2107 4791 Ad
2135 4728 2599 4792 Theodorctum
2644 4731 3083 4809 respondetur,
3132 4731 3219 4792 ibi
3252 4731 3343 4792 lo·

1787 4825 1894 4903 qui
1919 4823 2001 4886 de
2041 4823 2148 4883 illa
2194 4821 2561 4882 adoratione
2616 4822 3147 4900 qua-humanitas
3198 4841 3346 4886 cum

1788 4919 1997 4979 Verbo
2026 4922 2090 4978 et
2129 4915 2191 4977 in
2221 4914 2428 4976 Verbo
2459 4914 2644 4974 simul
2665 4914 2982 4978 adoratur.
3014 4915 3183 4994 quod
3218 4935 3349 4978 me-

1787 5012 1906 5072 rito
1930 5010 2077 5072 dicit
2106 5027 2245 5070 esse
2272 5025 2571 5086 magnum
2593 5007 2990 5082 miraculum,
3024 5009 3173 5088 quia
3209 5009 3350 5070 fitn-

1789 5104 1978 5166 datur
2009 5107 2075 5165 in
2130 5101 2479 5163 admirabili
2526 5097 2921 5178 hypostatica
2970 5103 3223 5164 unione.
3258 5103 3350 5165 De

1789 5198 1912 5262 alio
1945 5215 2091 5260 vero
2118 5196 2305 5258 modo
2330 5194 2713 5256 adorationis
2742 5213 2856 5274 per
2882 5197 3111 5256 mentis
3137 5197 3353 5276 praeci-

1793 5295 2033 5356 sionem
2066 5289 2417 5352 nullumibi
2462 5305 2816 5350 sermonem
2864 5289 3073 5363 habet,
3104 5298 3167 5350 et
3195 5291 3355 5351 sicut

1791 5389 1983 5452 talem
2014 5385 2271 5448 modum
2297 5401 2423 5444 non
2444 5381 2651 5458 docet,
2684 5382 2767 5443 ita
2812 5399 3019 5462 neque
3054 5382 3348 5445 excludit.

1873 5483 1975 5544 44.
2024 5479 2303 5560 objectio.
2334 5511 2415 5523 -—
2440 5477 2619 5538 Dices
2654 5495 2668 5536 ε
2702 5485 2835 5540 esto
2860 5494 3081 5540 verum
3104 5477 3183 5539 sit
3200 5495 3361 5558 pras,

2948 5585 3027 5652 38
