3892 6167
1426 371 1746 424 mSPUTAT.
1777 371 1879 426 Lu,
1915 375 2082 426 SECT.
2120 375 2156 427 1.
3272 369 3391 428 563⁰»

121 471 408 547 Ethic„
444 489 584 552 cap.
618 478 681 546 5,
711 477 772 533 et
799 470 908 531 lib.
935 473 998 546 4,
1031 489 1169 550 cap.
1203 475 1280 542 3;
1314 476 1376 533 et
1402 470 1544 533 ideo
1573 470 1746 534 Chri·
1831 474 1872 534 8
1903 491 1916 533 ε
1956 473 2277 551 Creatura,
2326 475 2551 554 inquit,
2598 480 2940 538 ereaturam
2968 492 3088 536 noa
3124 475 3341 539 adorat
3365 501 3391 549 ,-

123 572 340 639 StuS,
366 567 548 628 Joau.
585 568 683 639 12,
711 565 882 646 justo
911 565 1212 642 promittit
1245 582 1262 626 :
1295 565 1751 640 Honor-ificabit
1832 573 1895 628 et
1921 569 1995 630 D.
2028 569 2309 642 Hieron.,
2341 573 2495 630 tom.
2528 571 2589 641 2,
2623 569 2802 648 epist.
2832 570 2909 630 53
2934 568 3016 628 ad
3043 569 3389 646 Riparium,

125 678 314 720 eum
348 659 540 722 Pater
559 676 760 733 meae,
805 655 867 717 id
899 661 1026 727 est,
1069 655 1310 719 honore
1340 657 1602 733 afficiet,
1648 657 1749 718 vel
1830 668 2047 723 contra
2088 661 2518 740 Vigilantiam,
2564 663 2815 742 inquit:
2856 663 2995 726 Noe
3040 669 3239 724 autem
3274 679 3394 723 non.

123 751 482 814 honorari
510 752 738 830 faciet3
773 751 940 812 unde
970 753 999 812 1
1033 753 1188 830 Reg.
1220 755 1258 814 2
1301 771 1315 812 :
1358 751 1476 826 Qui
1503 751 1747 814 leonori-
1829 753 2120 831 Anyeloe,
2149 773 2265 817 non
2292 753 2727 837 Archanqeloe,
2756 771 2875 816 noa
2902 754 3244 829 Cherubim,
3274 773 3393 817 noa

131 847 400 920 ficavt‘t
437 863 548 918 ’Μ’
597 845 1124 935 fflfflfifflbossum
1151 868 1178 915 ;
1220 850 1282 906 et
1313 845 1540 905 Psalm-
1577 845 1692 904 138
1726 861 1740 903 :
1832 848 2184 927 Seraphim,
2221 855 2277 912 et
2308 867 2473 911 omne
2498 867 2706 910 nomen
2734 849 2891 930 qaod
2923 847 3307 922 nominatur,
3334 855 3393 912 et

138 939 399 1004 :vinna
441 936 819 1016 honorificati
863 943 1008 1002 eant
1046 938 1228 1001 amici
1266 938 1380 1012 tui,
1429 939 1592 1000 Deus
1611 963 1636 1010 ,·
1673 955 1745 998 ac
1825 941 1892 1004 ia
1911 945 2201 1022 proeeeati
2223 943 2415 1007 seculo
2440 949 2499 1007 et
2524 941 2589 1004 in
2613 943 2852 1022 futare,
2880 942 3131 1004 colimne
3156 947 3215 1004 et
3240 943 3390 1003 ado-

131 1033 458 1111 denique
491 1031 741 1104 PauluS‚
774 1031 853 1091 ad
882 1033 1060 1092 Rom.
1097 1033 1135 1092 2
1170 1053 1184 1092 :
1231 1031 1445 1097 Gloria
1474 1037 1533 1094 et
1560 1032 1748 1092 honor
1825 1053 2075 1110 ramae,
2120 1055 2193 1097 ne
2236 1037 2573 1100 serviamus
2618 1042 2913 1099 ereaturoe
2955 1035 3164 1114 potiar
3212 1053 3390 1114 qaam

131 1127 346 1187 omni
391 1125 666 1206 operanti
707 1124 966 1195 bonum;
1007 1141 1160 1204 ergo
1201 1125 1444 1186 Sanc-tis
1483 1122 1749 1184 debetur
1831 1131 2111 1192 creatori.
2157 1131 2231 1192 Et
2260 1129 2340 1191 ad
2369 1129 2663 1190 eumdem
2690 1129 2948 1189 modum
2972 1128 3251 1206 loquitur
3277 1127 3387 1187 lib.

131 1217 384 1279 honor
405 1233 427 1297 3
472 1235 622 1299 ergo
665 1235 702 1278 a
735 1217 916 1278 nobis
946 1216 1336 1279 exhibendus
1365 1217 1482 1279 illis
1511 1223 1604 1278 est
1633 1217 1749 1276 hu·
1831 1231 2047 1285 contra
2103 1224 2396 1303 vigilant.
2436 1239 2453 1284 ε
2500 1224 2648 1297 Quis
2696 1224 3013 1301 Martyres
3060 1223 3391 1283 adoravit?

121 1310 454 1390 jusmodi
493 1311 716 1372 honor.
765 1311 1068 1372 Probatur
1103 1311 1241 1372 haec
1276 1311 1489 1372 ultima
1529 1327 1750 1372 conse·
1835 1315 1985 1390 Quis
2016 1319 2307 1379 hominem
2330 1315 2574 1398 pacavit
2604 1319 2793 1378 Deam
2818 1318 2847 1377 ,ἲ
2880 1316 3192 1386 Damaso„
3226 1321 3384 1375 orat.

137 1405 463 1484 quentia,
507 1405 654 1485 quia
683 1403 854 1483 quod
881 1405 1113 1465 mortui
1141 1404 1283 1475 sint,
1327 1413 1386 1466 et
1419 1403 1746 1464 nobiscum
1831 1413 1858 1470 1
1891 1411 1967 1472 de
1993 1411 2279 1491 imag-im,
2308 1411 2372 1470 in
2398 1410 2619 1490 princ„
2656 1417 2716 1471 et
2740 1409 2846 1469 lib.
2872 1411 2911 1470 ιι
2934 1408 3012 1468 de
3039 1408 3213 1478 Fide,
3242 1427 3297 1468 c.
3326 1412 3386 1483 3,

137 1516 304 1558 non
332 1497 609 1577 degant,
655 1515 780 1558 non
807 1497 947 1558 illos
986 1498 1190 1559 reddit
1227 1498 1468 1558 minore
1507 1499 1745 1558 honore
1827 1503 1932 1564 ubi
1973 1521 2221 1566 omnem
2263 1519 2397 1564 rem
2434 1503 2747 1563 conditam
2782 1507 2965 1581 negat
2994 1519 3131 1562 esse
3164 1501 3389 1561 adora·

137 1591 427 1672 dignoS,
453 1609 594 1651 cum
619 1590 744 1652 sint
773 1592 832 1651 in
863 1591 1122 1653 feliciori
1146 1599 1208 1652 et
1232 1591 1530 1653 securiori
1554 1599 1742 1666 statu,
1827 1597 2052 1673 hilem3
2088 1605 2150 1660 et
2175 1598 2401 1661 sustin.
2437 1599 2643 1673 Mart„
2682 1597 2972 1676 Apolog.,
3008 1600 3047 1657 2
3076 1614 3187 1674 pro
3218 1594 3388 1656 Chri-

139 1693 368 1763 atque
404 1685 774 1745 sanctiorem
799 1685 987 1746 vitam
1014 1688 1228 1762 agant,
1259 1691 1480 1746 etcum
1505 1683 1744 1746 Christo
1827 1692 2036 1764 stiam,
2084 1691 2546 1770 aliquantulum
2591 1709 2628 1750 a
2658 1690 3003 1769 principio;
3052 1688 3385 1766 Epiphan„

141 1785 468 1858 regnent.
501 1779 575 1838 Et
602 1779 886 1858 quamvis
911 1777 1214 1857 corporali
1247 1777 1448 1838 absint
1471 1796 1745 1857 praesen·
1824 1783 2051 1845 haeres,
2097 1787 2199 1858 79,
2242 1791 2306 1846 et
2344 1786 2636 1863 August„
2680 1783 2859 1861 epist.
2890 1785 2994 1854 41,
3044 1781 3106 1840 in
3135 1780 3285 1856 fine,
3326 1786 3391 1840 et

143 1873 248 1931 iia
272 1918 295 1946 ,
350 1879 568 1932 tamen
614 1872 834 1951 spiritu
889 1889 964 1934 ac
1015 1876 1223 1933 mente
1277 1869 1742 1950 quodammodo
1827 1893 2015 1956 super
2043 1877 2261 1939 psalm.
2294 1880 2396 1948 96,
2424 1877 2591 1938 circa
2617 1877 2724 1936 illa
2753 1876 2967 1942 verba,
3002 1872 3388 1948 Confundan-

143 1971 526 2046 praesentes
556 1972 722 2039 sunt,
754 1973 1064 2046 quatenus
1091 1965 1322 2040 omnia,
1363 1984 1501 2045 quae
1527 1965 1608 2026 ad
1637 1984 1745 2026 eo·

143 2079 312 2120 rum
345 2066 581 2122 statum
609 2062 940 2142 pertiuent,
972 2068 1386 2139 ¹cognoscunt,
1415 2067 1476 2122 et
1499 2067 1738 2120 nostra-

145 2171 309 2214 rum
347 2173 562 2216 rerum
591 2173 806 2216 curam
837 2159 1086 2236 gerunt,
1130 2173 1245 2235 pro
1285 2153 1470 2215 nobis
1501 2153 1741 2214 orando

155 2257 228 2310 et
283 2249 765 2311 intercedendo,
824 2249 1002 2310 Adde
1053 2250 1278 2322 eliam,
1333 2246 1742 2329 philosophos

157 2341 512 2420 agnovisse
549 2343 718 2404 viros
759 2343 1014 2422 probos,
1063 2343 1251 2403 etiam
1295 2348 1435 2421 post
1472 2348 1741 2403 mortem

160 2455 198 2496 t
207 2454 319 2496 sse
343 2437 587 2498 honore
616 2435 863 2516 dignoS,
899 2442 962 2497 ut
992 2453 1068 2496 ex
1097 2436 1374 2505 Platone,
1404 2438 1466 2496 et
1490 2434 1626 2496 aliis
1647 2454 1742 2497 re·

157 2529 295 2590 fert
321 2530 582 2602 Euseb„
611 2529 718 2590 lib.
755 2531 830 2590 13
854 2528 934 2590 de
963 2530 1300 2609 Praeparat.
1337 2529 1594 2609 Evang„
1627 2547 1680 2590 c.
1701 2531 1740 2591 6

159 2627 230 2683 et
255 2625 315 2683 7.
351 2622 631 2701 Denique
658 2638 988 2700 possumus
1015 2621 1184 2701 loqui
1213 2640 1354 2683 cum
1380 2623 1420 2684 S
1425 2623 1644 2696 ·1nctiS,
1679 2627 1741 2683 et

151 2715 250 2775 ad
285 2714 433 2776 illos
461 2716 773 2777 orationes
804 2714 1068 2777 fundere
1095 2761 1112 2789 ,
1154 2721 1220 2776 ut
1251 2732 1538 2794 suppono
1566 2732 1640 2776 ex
1671 2717 1732 2776 2.

147 2813 223 2878 2,
265 2827 331 2886 q.
366 2811 468 2876 83.
512 2816 574 2870 et
599 2808 900 2890 attingam
933 2809 1090 2870 infra
1119 2810 1184 2870 in
1216 2809 1737 2888 disputationibus

151 2903 245 2962 de
281 2903 477 2963 Beata
495 2902 778 2982 Virgine,
807 2909 870 2964 et
897 2903 1048 2964 satis
1071 2909 1308 2965 constat
1334 2921 1409 2963 ex
1435 2921 1552 2963 usu
1581 2903 1738 2964 Lita-

147 2998 312 3072 niae,
348 3013 536 3074 quem
565 2995 898 3074 Gregorius
926 3000 1208 3076 tempore
1237 2997 1564 3076 cujusdam
1595 3015 1736 3077 pes-

151 3089 249 3149 tis
278 3089 542 3160 induxit,
569 3092 639 3150 ut
663 3087 855 3150 refert
878 3089 1216 3151 walfridus
1243 3091 1488 3161 Strab0,
1522 3091 1627 3150 lib.
1656 3089 1734 3150 de

153 3183 380 3244 Rebus
405 3183 743 3245 ecclesiast.
767 3229 782 3254 ,
815 3201 954 3263 cap.
983 3185 1062 3246 28
1084 3229 1098 3254 ,
1133 3189 1194 3244 et
1219 3183 1444 3258 legitur
1469 3182 1530 3242 in
1563 3181 1668 3243 lib.
1699 3186 1728 3244 1

153 3277 312 3338 vitae
339 3277 494 3356 ejuS,
520 3294 657 3356 cap.
683 3279 785 3348 42,
809 3295 997 3356 quem
1023 3294 1205 3338 usum
1230 3277 1436 3338 adhuc
1461 3275 1734 3337 Ecclesia

157 3369 406 3431 retinet
427 3415 442 3442 ,
481 3377 543 3432 et
571 3371 741 3430 varia
770 3369 1041 3433 concilia
1068 3370 1449 3449 probarunt,
1491 3361 1559 3429 u't
1586 3387 1735 3430 con-

159 3469 296 3524 stat
339 3481 415 3525 ex
451 3463 754 3526 Toletano
784 3465 838 3523 V
877 3470 941 3525 et
979 3465 1084 3536 VI,
1122 3482 1260 3544 cap.
1296 3467 1325 3525 1
1363 3469 1425 3525 et
1453 3465 1538 3538 23
1589 3463 1735 3524 Bra-

159 3559 349 3620 ehar.
381 3559 466 3633 II,
507 3575 644 3638 cap.
682 3561 762 3636 93
805 3565 866 3619 et
903 3557 1294 3620 Gerundens.
1319 3603 1334 3632 ,
1369 3574 1507 3636 cap.
1551 3557 1628 3631 3,
1673 3561 1735 3618 et

158 3651 348 3725 aliis;
383 3669 496 3714 cur
527 3669 677 3732 ergo
711 3668 840 3713 non
871 3656 1055 3713 erunt
1090 3651 1278 3713 etiam
1303 3671 1340 3712 a
1367 3650 1548 3712 nobis
1576 3649 1733 3712 ado-

157 3745 356 3808 randi
390 3753 452 3806 et
480 3745 778 3807 colendi?

251 3843 316 3901 3.
366 3837 645 3919 objectio,
696 3873 778 3886 —
829 3839 954 3901 Sed
1008 3838 1386 3918 objiciuntur
1429 3838 1731 3899 nonnulla

161 3933 631 4012 Scripturarum
670 3934 979 4012 exempla.
1030 3933 1251 3993 Esther
1281 3932 1449 3992 enim
1473 3933 1536 4007 3,
1573 3931 1733 3992 Mar·

161 4026 470 4088 dochaeus
511 4025 715 4086 noluit
763 4026 1028 4087 adorare
1082 4028 1321 4097 Amen,
1373 4025 1554 4103 cujus
1587 4023 1732 4086 facti

162 4121 480 4212 rationem
507 4119 801 4194 reddenS,
833 4139 890 4182 c.
924 4121 1024 4195 13,
1057 4117 1144 4180 sic
1171 4119 1416 4198 inquit:
1456 4119 1553 4181 Tu
1574 4119 1735 4180 noeti

161 4204 320 4297 q'u-ia
350 4231 469 4276 non
491 4233 603 4292 pro
632 4215 914 4296 superbia
939 4221 997 4278 et
1025 4214 1425 4286 contumelia,
1471 4219 1578 4276 aut
1605 4211 1734 4292 qlo-

161 4309 286 4368 rioe
315 4306 636 4388 eupiditate
664 4307 770 4370 hoe
790 4309 1063 4383 fecerim,
1104 4309 1208 4370 sed
1235 4308 1416 4370 timui
1442 4323 1516 4367 ae
1548 4306 1730 4368 leono-

157 4419 296 4463 rem
339 4400 450 4462 Dei
481 4402 596 4462 mei
640 4401 722 4462 ad
758 4401 1051 4462 hominem
1095 4403 1521 4476 transferrem,
1573 4404 1628 4459 et
1663 4404 1735 4462 ut

163 4493 458 4558 neminem
484 4497 798 4557 adorarem
825 4501 1060 4574 ezeeepto
1088 4497 1209 4558 Deo
1236 4512 1385 4558 meo.
1416 4493 1728 4566 Secund0‚

169 4589 369 4666 Apoc.
419 4589 496 4649 19
536 4593 597 4649 et
634 4589 734 4659 22,
777 4605 921 4649 cum
950 4589 1226 4649 ,loannes
1253 4587 1441 4650 vellet
1469 4587 1734 4648 adorare

169 4679 506 4760 Angelum,
533 4681 639 4742 ille
664 4681 982 4761 prohibuit
1009 4682 1227 4744 dicens
1254 4702 1268 4743 τ
1302 4683 1494 4746 Deum
1519 4683 1728 4744 adora.

165 4774 402 4849 Tertio,
435 4776 567 4836 Act.
603 4777 703 4850 10,
727 4793 870 4836 cum
902 4775 1224 4838 Cornelius
1252 4777 1440 4837 vellet
1469 4774 1733 4836 adorare

169 4869 464 4946 Petrum,
512 4869 646 4948 ipse
688 4869 973 4931 similiter
1020 4870 1248 4945 vetuit,
1295 4869 1726 4950 subjungens:

177 4959 402 5043 Sur-qe,
440 4968 494 5024 et
521 4981 622 5044 eqo
648 4962 777 5044 ipse
801 4963 968 5023 homo
995 4981 1153 5025 eum.
1191 4963 1447 5037 Quarto,
1480 4967 1734 5040 propter

173 5055 336 5113 hanc
379 5072 634 5115 causam
668 5053 880 5116 Sancti
913 5071 1081 5134 saepe
1116 5061 1354 5133 negant
1381 5062 1737 5116 creaturam

176 5151 286 5208 ant
319 5145 577 5208 Sanctos
609 5164 748 5208 esse
788 5147 1165 5209 adorandos.
1209 5147 1389 5210 Unde
1428 5147 1489 5207 in
1523 5147 1598 5207 VI
1625 5145 1738 5226 Sy-

175 5240 349 5314 nod.,
380 5246 524 5317 post
541 5259 694 5301 sess
727 5241 826 5315 18,
859 5259 914 5301 0.
940 5239 1003 5315 7,
1033 5241 1121 5301 sic
1141 5241 1403 5302 dicitur:
1441 5237 1588 5304 Solo
1614 5241 1736 5301 Deo

175 5337 434 5397 creatore
460 5349 570 5394 eno
599 5333 870 5398 adorato.
918 5335 1158 5397 invocat
1193 5333 1476 5408 Sanetoe,
1521 5339 1593 5396 ut
1620 5348 1736 5412 pro

179 5444 238 5487 ee
255 5425 614 5489 intercedere
636 5427 800 5505 apud
813 5427 1189 5508 majestatem
1213 5429 1478 5491 divinam
1496 5429 1738 5508 dianen-

181 5525 322 5596 tur3
369 5523 430 5581 et
461 5513 718 5594 Athen„
749 5535 934 5583 serm.
971 5522 1008 5587 3
1041 5529 1258 5586 contra
1289 5522 1587 5597 Arianos,
1622 5518 1731 5582 fol.

1825 1978 1932 2034 tur
1973 1989 2173 2033 omnes
2222 1973 2325 2052 qui
2375 1973 2633 2032 adurant
2677 1967 3013 2048 sculptilia,
3058 1972 3123 2026 et
3157 1965 3262 2025 lib.
3306 1966 3386 2025 de

1824 2066 1985 2125 Vera
2019 2063 2225 2142 relig,
2266 2081 2405 2142 cap.
2439 2067 2539 2138 55,
2582 2062 2686 2122 uhi
2718 2060 3070 2140 specialiter
3098 2059 3247 2120 dicit
3274 2077 3385 2119 ne-

1823 2157 2059 2218 minem
2090 2175 2227 2217 esse
2252 2154 2647 2218 adorandum
2676 2154 2995 2233 religionis
3020 2169 3231 2228 causa,
3264 2151 3383 2212 nisi

1824 2251 2025 2311 solum
2056 2251 2277 2313 Deum.

1903 2350 1964 2405 4.
2012 2343 2344 2425 Responsio
2401 2345 2483 2406 ad
2524 2344 2900 2420 objectiones.
2942 2373 3021 2388 -
3062 2339 3283 2405 Civilis
3325 2343 3384 2402 et

1823 2443 2109 2501 aeternae
2134 2439 2322 2500 honor
2344 2437 2728 2520 principibus
2744 2437 2890 2516 jare
2916 2435 3197 2496 naturali
3223 2434 3384 2494 debi-

1824 2535 1943 2594 tus.
1965 2563 2045 2576 —
2064 2529 2156 2591 Ad
2185 2531 2456 2610 primum
2480 2530 2920 2610 respondetur,
2951 2526 3383 2588 difficultatem

1821 2625 1989 2685 illius
2024 2623 2144 2684 loci
2186 2641 2583 2685 communem
2635 2641 2774 2684 esse
2822 2622 3126 2683 haereticis
3168 2619 3382 2680 nobis-

1821 2717 2278 2791 cum;videtur
2322 2718 2487 2778 enim
2527 2717 2633 2778 illo
2678 2715 2965 2794 exemplo
3011 2713 3381 2775 Mardoehoei

1819 2811 2067 2890 probari
2100 2809 2343 2871 civilem
2372 2817 2433 2872 ct
2463 2817 2787 2870 externum
2820 2809 3121 2868 honorem
3145 2851 3160 2876 ,
3204 2806 3309 2884 qui
3340 2823 3377 2864 a

1817 2903 2228 2984 principibus,
2280 2910 2343 2965 et
2381 2903 2638 2982 regibus
2684 2903 2975 2976 exigitur,
3018 2905 3147 2961 ‘non
3194 2917 3375 2977 posse

1817 2998 1935 3058 illis
1961 2999 2223 3058 honeste
2258 2997 2478 3067 tribniz
2530 2997 2695 3056 bunc
2734 2994 2902 3056 enim
2942 2995 3273 3066 honorem,
3316 2997 3379 3051 et

1817 3109 1941 3153 non
1968 3091 2157 3151 alium
2188 3091 2476 3170 exigebat
2503 3093 2722 3152 Aman.
2754 3088 3003 3152 Certum
3028 3092 3119 3147 est
3138 3089 3375 3159 autem,

1819 3185 1969 3264 ipsis
1994 3187 2181 3246 etiarn
2212 3185 2523 3245 haereticis
2552 3183 2911 3253 fatentibus
2945 3182 3067 3241 hoc
3095 3197 3234 3241 esse
3264 3177 3379 3237 fal-

1817 3297 1981 3350 sum,
2012 3283 2073 3338 et
2096 3285 2312 3339 contra
2338 3279 2643 3338 rationem
2668 3276 3043 3344 naturalem,
3072 3283 3133 3334 et
3162 3279 3377 3334 contra

1817 3370 2203 3449 Scripturam
2235 3416 2251 3444 ,
2300 3369 2361 3429 in
2402 3388 2525 3449 qua
2564 3369 2922 3448 hujusmodi
2957 3368 3115 3428 actio
3160 3373 3223 3427 et
3260 3367 3376 3424 ho-

1818 3471 1995 3525 nesta
2018 3463 2338 3542 judicatur
2362 3508 2377 3533 ,
2422 3471 2483 3524 et
2512 3462 2892 3524 adorationis
2920 3460 3176 3521 nomine
3206 3476 3371 3536 saepe

1815 3557 2199 3636 appellatum
2232 3563 2302 3617 ut
2326 3555 2548 3618 Genes.
2578 3558 2680 3628 23,
2714 3574 2857 3617 cum
2884 3554 3198 3616 Abraham
3226 3552 3374 3612 ado·

1814 3652 1972 3713 ravit
2009 3649 2170 3710 filios
2202 3651 2384 3724 l-Ieth,
2415 3657 2477 3711 et
2502 3652 2539 3712 3
2566 3651 2805 3729 Regum
2834 3652 2893 3714 1,
2920 3647 3185 3709 Natham
3228 3647 3375 3705 Pro-

1815 3747 2004 3826 pheta
2036 3745 2315 3806 adoravit
2343 3745 2561 3805 David.
2607 3744 2784 3806 Unde
2816 3743 3050 3803 additio
3081 3739 3373 3820 quaedam

1815 3839 1897 3900 ad
1941 3839 2225 3901 Glossam
2277 3837 2658 3899 ordinariam
2717 3835 2865 3898 dicit
2913 3834 3373 3897 Mardochaeum

1817 3952 1942 3994 non
1996 3933 2317 4011 religionis
2364 3950 2593 4007 causa,
2645 3933 2759 3992 sed
2808 3929 3267 3992 inimicitiarum
3314 3934 3378 3991 et

1816 4033 1878 4090 et
1902 4027 2049 4101 odii,
2080 4027 2355 4087 noluisse
2380 4027 2643 4087 adorare
2666 4028 2887 4086 Aman.
2923 4023 3048 4085 Sed
3074 4024 3209 4084 haec
3233 4039 3375 4084 sen-

1819 4121 2011 4182 tentia
2042 4124 2131 4181 est
2158 4120 2415 4179 omnino
2441 4118 2598 4179 falsa
2620 4165 2639 4193 ,
2683 4128 2747 4179 et
2776 4133 3139 4197 repugnans
3166 4115 3375 4177 verbis

1815 4215 2019 4276 citatis
2049 4214 2246 4292 ipsius
2279 4211 2654 4274 Mardochaei
2677 4259 2696 4286 ,
2735 4211 2813 4273 de
2844 4211 3072 4291 quibus
3095 4211 3227 4290 jam
3259 4210 3375 4271 du-

1814 4306 2015 4368 bitare
2062 4325 2190 4367 non
2236 4305 2401 4377 licet,
2452 4305 2796 4385 praesertim
2843 4312 2986 4385 post
3032 4303 3375 4368 Concilium

1812 4398 2269 4472 OEridentinum,
2322 4417 2399 4460 ex
2444 4400 2625 4477 cujus
2674 4398 3058 4475 definitione,
3109 4415 3269 4459 sess,
3310 4401 3375 4472 4,

1815 4497 2061 4554 constat
2098 4498 2347 4571 partem
2402 4491 2577 4552 illam
2623 4509 2757 4572 cap.
2813 4492 2890 4553 13
2937 4509 3079 4553 esse
3130 4507 3378 4553 sacram

1817 4587 2223 4665 Scripturam.

1897 4681 1956 4740 5.
2007 4679 2072 4739 D.
2105 4679 2327 4738 Thom.
2358 4695 2530 4758 ergo,
2562 4681 2620 4740 2.
2654 4679 2716 4753 2,
2753 4695 2813 4757 q.
2840 4679 2941 4750 84,
2971 4687 3088 4739 art.
3120 4683 3175 4752 1,
3208 4678 3289 4738 ad
3317 4683 3374 4751 1,

1815 4769 2154 4850 respondet
2186 4771 2646 4834 Mardochaeum
2677 4771 2953 4832 noluisse
2988 4772 3139 4832 dare
3176 4775 3379 4832 Aman

1816 4864 2245 4926 adorationem
2280 4865 2512 4938 latriae,
2562 4882 2752 4944 quam
2800 4881 2938 4925 esse
2978 4881 3381 4926 communem

1819 4956 2274 5036 expositionem
2321 4957 2728 5018 Hebraeorum
2767 4956 2914 5017 dicit
2963 4956 3104 5036 Lyr.
3147 4957 3237 5018 ibi
3260 5002 3280 5033 ,
3319 4961 3383 5017 et

1817 5050 2066 5111 videtur
2107 5057 2322 5129 aperte
2366 5049 2577 5128 colligi
2618 5067 2696 5110 ex
2730 5049 3105 5110 Mardochaei
3151 5049 3377 5110 verbis.

1820 5143 1955 5205 Non
1987 5149 2159 5203 caret
2184 5146 2400 5204 tamen
2430 5141 2816 5212 difficultate,
2849 5143 3147 5220 quoniam
3177 5143 3383 5201 Amen

1822 5255 1949 5298 non
1976 5235 2172 5297 latriae
2200 5235 2662 5312 adorationem,
2696 5235 2809 5295 sed
2834 5235 3035 5296 solum
3065 5235 3241 5296 illum
3268 5235 3383 5294 ho-

1819 5347 2065 5404 norem,
2100 5328 2208 5408 qui
2238 5329 2547 5409 supremis
2576 5328 2957 5409 principibus
2984 5327 3263 5388 exhiberi
3287 5346 3384 5388 so-

1817 5423 1904 5486 let
1939 5424 2259 5502 postulare
2301 5421 2653 5484 videbatur.
2702 5424 2776 5483 Et
2810 5421 3237 5483 difficultatem
3271 5441 3383 5482 au-

1819 5523 1946 5598 get,
1985 5516 2256 5596 quia,‘ut
2285 5533 2361 5578 ex
2386 5533 2563 5580 sacro
2592 5522 2767 5580 textu
2798 5519 3220 5592 constat,·non
3248 5515 3383 5598 ipse
