3892 6167
472 378 588 438 3722
1696 375 1929 437 QUAEST.
1965 374 2096 428 xtX.
2131 375 2335 430 Amic.
2369 379 2450 430 w.

468 477 819 540 vei-salibus
858 493 995 554 quai
1026 475 1189 538 Deus
1231 475 1421 536 voluit
1466 480 1723 554 propter
1768 475 2036 538 salutem

472 573 755 636 onuiium
790 570 1147 642 hominunm
1192 569 1359 630 unde
1403 567 1494 644 fit,
1544 573 1803 630 eatenus
1848 583 2034 646 posse

469 664 771 744 assignari
807 662 1115 724 rationem
1156 661 1385 723 horum
1430 666 1683 724 actuum
1716 660 2036 722 universa-

467 759 619 826 lium
650 776 725 822 ex
756 757 935 836 parte
963 754 1169 816 meriti
1202 755 1462 831 Christi,
1488 759 1801 832 quatenus
1828 755 2037 833 potest

470 849 781 930 assignari
825 846 1301 928 particularium
1341 847 1661 922 omnium,
1690 851 1761 908 ut
1800 846 1883 906 ad
1911 845 2036 906 sin·

470 943 765 1024 gulorum
794 941 1125 1002 hominum
1167 940 1435 1002 salutem
1476 939 1915 1002 terminantur.
1942 939 2028 1002 Si-

469 1043 579 1102 cut
606 1036 774 1098 enim
800 1033 1167 1096 Aristoteles
1206 1033 1389 1116 dixit,
1422 1031 1739 1094 medicum
1764 1050 1895 1093 non
1926 1051 2036 1094 cu·

470 1149 615 1196 rare
634 1126 977 1200 hominem,
996 1125 1115 1188 nisi
1136 1126 1201 1186 in
1225 1132 1527 1205 quantum
1548 1130 1725 1188 curat
1751 1125 2032 1196 Calliam,

470 1224 569 1286 vel
598 1223 943 1295 Socratem,
973 1217 1059 1280 ita
1088 1237 1205 1280 nos
1239 1218 1451 1282 dicere
1478 1237 1836 1300 possumuS,
1866 1218 2038 1279 Chri·

472 1323 639 1380 stum
684 1333 815 1378 non
866 1312 1095 1376 mereri
1143 1312 1405 1388 homini,
1452 1312 1569 1375 nisi
1616 1312 1682 1373 in
1728 1317 2038 1389 quantum

472 1416 751 1472 meretur
781 1408 991 1480 Petra,
1014 1406 1232 1483 Pau10,
1266 1411 1413 1480 etc„
1440 1411 1503 1466 ct
1530 1407 1727 1468 Deum
1755 1423 1883 1466 non
1910 1403 2038 1466 vel-

471 1503 533 1566 le
562 1503 807 1566 salvare
843 1501 1193 1562 humanum
1224 1517 1456 1579 geum,
1488 1498 1607 1560 nisi
1638 1499 1701 1560 in
1730 1504 2037 1576 quantum

474 1599 609 1660 vult
650 1596 895 1660 salvare
924 1593 1237 1656 Adamum
1270 1600 1332 1654 et
1356 1593 1573 1666 Evam,
1606 1598 1669 1654 et
1694 1591 1811 1655 hos
1847 1591 2038 1670 parti·

477 1693 723 1756 culares
753 1687 1042 1752 homines
1066 1686 1173 1767 qui
1201 1686 1281 1748 de
1308 1687 1471 1748 facto
1498 1690 1643 1748 sunt
1671 1685 1753 1748 ab
1778 1685 1869 1747 eis
1892 1703 2037 1765 pro-

476 1782 751 1868 pagandi
764 1799 785 1860 3
810 1787 1193 1861 quapropter
1214 1780 1373 1840 ratio
1390 1778 1621 1840 motiva
1646 1796 1761 1858 per
1782 1778 2040 1840 modum

474 1875 683 1940 meriti
702 1875 783 1936 ad
799 1873 1132 1936 volendam
1153 1872 1477 1934 hominum
1503 1871 1793 1947 salutem,
1812 1870 2038 1934 eadem

474 1967 834 2034 necessario
866 1984 1004 2028 esse
1055 1965 1243 2028 debet
1294 1983 1435 2046 quae
1475 1966 1667 2028 movit
1706 1967 1909 2028 Deum
1957 1963 2039 2024 ad

474 2064 665 2144 hujus
704 2067 765 2122 et
802 2060 969 2122 illius
1014 2059 1283 2122 salutem
1327 2058 1691 2131 volendam3
1722 2064 1851 2121 tota
1882 2075 2034 2136 ergo

474 2155 733 2236 quaestio
782 2158 1110 2216 revocatur
1146 2151 1231 2213 ad
1270 2152 1709 2232 particularem
1752 2150 2038 2212 volunta-

474 2255 627 2322 tem,
649 2253 837 2328 prout
862 2251 958 2308 est
978 2244 1195 2308 electio
1222 2243 1413 2323 hujus
1434 2245 1535 2308 vel
1554 2244 1743 2318 illius,
1764 2244 1864 2306 vel
1888 2243 2037 2304 sim-

472 2341 621 2422 plex
660 2341 943 2412 affectus,
972 2357 1085 2400 seu
1114 2337 1535 2400 conditionata
1560 2337 1871 2411 volonum,
1896 2355 2032 2398 res-

472 2442 663 2516 pectu
688 2433 975 2496 aliorum.
999 2431 1307 2492 Videntur
1322 2437 1533 2494 autem
1560 2431 1835 2494 rationes
1854 2431 2036 2493 factm

476 2527 665 2590 simul
692 2525 1038 2604 conjuncta!
1066 2525 1358 2604 probare,
1388 2543 1515 2586 non
1544 2525 1824 2604 potuisse
1853 2523 2038 2586 meri-

475 2625 611 2684 tum
632 2619 854 2682 Christi
880 2617 1239 2698 praevisum,
1269 2635 1407 2680 esse
1429 2618 1738 2681 rationem
1764 2617 1901 2680 talis
1926 2637 2036 2678 vo-

475 2714 755 2786 luntatiS,
784 2712 973 2774 etiam
1014 2715 1081 2770 ut
1120 2711 1203 2770 ad
1244 2710 1530 2772 homines
1570 2711 1633 2774 in
1673 2710 2036 2791 particulari

474 2807 864 2880 terminatur,
884 2804 1032 2884 quia
1058 2822 1135 2866 ex
1162 2822 1289 2864 una
1306 2810 1485 2883 parte
1504 2804 1747 2884 priores
1764 2804 2038 2866 rationes

477 2905 649 2963 recte
705 2898 997 2961 videntur
1036 2896 1379 2976 procedere
1426 2895 1505 2958 de
1558 2896 1877 2958 voluntate
1931 2897 2038 2958 Dei

474 2991 767 3054 universe
796 2993 1101 3069 concepta
1134 2995 1198 3050 et
1224 2988 1603 3069 signiticata3
1634 3007 1709 3050 ex
1738 2989 1861 3049 alia
1892 3007 2038 3050 vero

475 3091 653 3166 parte
708 3089 1029 3146 ostensum
1087 3087 1182 3144 est
1239 3081 1407 3144 illam
1470 3081 1857 3145 voluntatem
1910 3100 2039 3145 non

476 3179 758 3244 exerceri
786 3179 855 3238 in
880 3196 973 3252 re,
1007 3175 1127 3238 nisi
1156 3177 1322 3238 circa
1350 3177 1775 3256 particularia,
1802 3183 1867 3238 et
1910 3195 2040 3237 non

476 3289 605 3332 uno
634 3269 821 3332 modo
848 3271 1013 3332 circa
1052 3271 1285 3344 omnia,
1318 3270 1431 3331 sed
1458 3289 1571 3350 pro
1600 3271 1808 3332 divino
1850 3270 2040 3332 bene-

474 3363 703 3445 placito
720 3379 742 3441 3
787 3363 1168 3424 concludunt
1210 3381 1365 3442 ergo
1412 3363 1535 3424 illae
1584 3364 1863 3426 rationes
1911 3382 2039 3424 non

472 3457 750 3539 potuisse
778 3456 1001 3518 Christi
1044 3457 1341 3519 meritum
1366 3475 1507 3519 esse
1534 3458 1839 3520 rationem
1872 3458 2038 3520 elec-

473 3551 661 3614 tionis
691 3551 1036 3612 hominum.
1482 3631 1489 3639 .

484 3695 493 3704 .
564 3649 659 3708 14.
702 3645 943 3710 Eleccio
964 3651 1193 3708 oeteraa
1222 3645 1435 3708 horum
1450 3663 1586 3726 μαι·
1600 3643 1753 3719 illis,
1776 3646 2039 3721 nonfuit

474 3758 549 3804 em
577 3738 814 3803 Christi
862 3738 1118 3803 monitis.
1140 3739 1309 3798 -In
1336 3739 1455 3798 hac
1484 3756 1553 3798 rc
1584 3737 1918 3800 dicendum
1949 3745 2044 3800 est

475 3833 678 3914 primo
716 3851 727 3892 :
768 3831 875 3892 illa
910 3831 1243 3910 singularis
1274 3829 1711 3894 benevolentia
1744 3838 1807 3892 et
1852 3831 2043 3894 dilec-

482 3926 590 4000 tio,
623 3943 749 4003 qua
780 3925 945 3986 Deus
974 3929 1122 3986 ante
1162 3924 1429 4003 praevisa
1460 3922 1787 3985 hominum
1819 3925 2042 3986 merita

476 4017 951 4100 praedestinatos
976 4017 1164 4097 elegit
1179 4017 1262 4078 ad
1288 4017 1577 4097 gloriam,
1608 4023 1675 4080 ut
1696 4023 1791 4078 est
1818 4017 2041 4080 electio

476 4112 707 4188 horum
738 4129 865 4190 prae
898 4111 1037 4182 inis,
1066 4129 1194 4172 non
1226 4115 1321 4172 est
1366 4127 1443 4172 ex
1492 4109 1736 4172 meritis
1774 4108 2039 4187 Christi,

478 4203 593 4266 sed
623 4202 1001 4277 exlibertate
1016 4203 1240 4264 divinoe
1262 4203 1621 4264 voluntatis·
1637 4203 1944 4264 Probatur
1963 4223 2040 4264 ex

479 4297 683 4372 Paul„
705 4295 789 4357 ad
812 4297 969 4374 Eph.
997 4299 1055 4356 1:
1085 4295 1297 4378 Eleqit
1316 4313 1424 4358 nos
1450 4297 1517 4357 in
1550 4296 1682 4376 ipso
1700 4301 1841 4360 anta
1866 4314 2038 4358 mun·

480 4391 547 4452 di
594 4386 1075 4452 constitutionem
1106 4410 1133 4458 ;
1170 4393 1237 4448 et
1281 4387 1441 4448 infra
1496 4387 1748 4450 subdit:
1810 4388 2038 4452 Secun-

480 4483 623 4545 dum
644 4482 1023 4562 propositum
1051 4480 1387 4544 voluntatis
1438 4497 1587 4556 succ,
1621 4481 1725 4542 ubi
1779 4481 2036 4544 electio-

476 4592 625 4636 ncm
652 4573 821 4634 illam
846 4574 909 4635 in
926 4573 1127 4636 solum
1152 4573 1483 4635 consilium
1508 4574 1843 4638 voluntatis
1883 4576 2036 4638 divi·

370 4693 378 4706 ·
476 4685 575 4730 nae
602 4667 822 4744 refert3
850 4667 1021 4746 quia,
1050 4665 1201 4728 licet
1229 4668 1395 4728 Deus
1438 4667 1815 4730 electionem
1860 4670 2034 4732 illam

474 4761 693 4840 fecerit
728 4761 791 4821 in
836 4760 1101 4835 Christo,
1134 4767 1447 4839 quatenus
1485 4779 1615 4836 eos»,
1642 4781 1799 4842 quos
1820 4763 2034 4845 elegit,

472 4854 555 4916 ad
610 4854 879 4934 gloriam
926 4852 1149 4916 Christi
1202 4852 1555 4932 ordinavit,
1598 4855 1699 4916 vel
1772 4857 2036 4920 tortasse

476 4946 665 5008 etiam
688 4945 837 5027 quia
864 4952 1120 5026 propter
1146 4947 1370 5008 merita
1384 4945 1609 5009 Christi
1628 4948 1768 5012 illos
1791 4951 2030 5026 dilexit,

474 5045 711 5112 tamen,
745 5039 915 5119 quod
942 5057 1057 5119 per
1089 5058 1228 5102 eam
1257 5041 1639 5102 voluntatem
1690 5043 1757 5104 bi
1800 5045 2029 5123 potius,

474 5149 668 5212 quam
695 5132 784 5195 illi
812 5133 1044 5194 fuerint
1072 5133 1276 5209 electi,
1298 5153 1427 5194 non
1452 5134 1567 5197 suit
1596 5134 1817 5198 Christi
1849 5140 2034 5200 meri·

471 5231 631 5299 tum,
659 5226 770 5288 sed
800 5225 1127 5288 consilium
1158 5227 1383 5288 divina>
1413 5228 1773 5291 voluntatiS.
1814 5233 1902 5292 Ex
1933 5250 2034 5295 eo·

472 5313 618 5380 dem
648 5335 839 5380 sensu
867 5317 1029 5380 infra
1058 5318 1283 5380 iterum
1312 5319 1561 5384 subdit:
1591 5323 1674 5384 In
1700 5339 1812 5403 quo
1851 5327 2038 5391 etiam

470 5427 578 5475 nos
604 5420 766 5478 sorte
788 5413 985 5476 vocati
1010 5431 1243 5492 sumus,
1265 5415 1689 5494 proedostinati
1712 5419 2038 5482 secundum

466 5507 847 5586 propositum
872 5507 1027 5588 ejus,
1056 5508 1165 5588 qui
1186 5514 1471 5589 operatum⁴
1494 5509 1695 5574 omnia
1712 5513 2038 5576 secundum

2117 474 2428 538 consilium
2457 477 2789 540 voluntatis
2807 492 2955 538 eice.
2987 475 3070 536 Ut
3093 473 3266 538 enim
3295 474 3660 554 signiticaret

2119 567 2350 630 Paulus
2391 583 2518 632 non
2545 568 2738 630 fuisse
2771 569 2936 630 lianc
2980 567 3359 630 electionem
3387 585 3466 630 ex
3491 567 3664 628 ullius

2119 661 2376 734 meritis,
2409 661 2666 724 nomine
2693 659 2879 722 sortis
2923 677 3073 722 usus
3103 666 3222 722 est.
3267 661 3528 738 Propter
3559 661 3663 722 hoc

2117 753 2306 814 etiam
2336 753 2637 830 Christus„
2657 755 2844 816 Joan.
2883 756 3200 828 l'1‚orans
3219 771 3338 832 pro
3371 752 3587 816 electis
3611 759 3664 814 et

2115 846 2602 926 praedestinatiS,
2621 865 2732 910 eos
2757 845 3034 926 appellat
3059 846 3242 908 datos
3269 845 3394 908 sibi
3417 865 3458 906 a
3477 845 3664 918 Patre

2119 939 2352 1002 scilicet
2384 958 2498 1020 per
2548 943 2852 1002 aeternam
2889 938 3290 1012 electionem,
3315 944 3382 1000 ut
3427 939 3668 1017 exponit

2115 1031 2370 1095 Adrian.
2406 1034 2613 1113 Papa,
2641 1033 2708 1094 in
2761 1032 2942 1112 epist.
2977 1035 3002 1096 ⁴
3044 1031 3127 1094 ad
3153 1027 3506 1111 Episcopus
3541 1030 3670 1094 flis-

2118 1125 2320 1206 paniae
2344 1171 2365 1203 ,
2419 1131 2484 1188 et
2537 1126 2816 1188 iudicant
2865 1126 3156 1206 August„
3209 1129 3392 1188 tract.
3455 1126 3574 1188 106
3607 1125 3670 1186 in

2115 1219 2312 1292 Joan3
2345 1224 2406 1281 ct
2447 1218 2792 1298 chrysost„
2821 1217 3040 1280 homil.
3091 1220 3176 1282 80
3215 1217 3284 1282 in
3330 1218 3546 1292 Joan.;
3575 1218 3668 1278 cui

2119 1317 2422 1374 consonat
2445 1311 2598 1374 illud
2625 1311 2768 1374 Isai.
2795 1315 2834 1374 8
2864 1330 2877 1372 :
2905 1311 3064 1376 Ecca
3103 1329 3208 1394 09⁰
3231 1314 3292 1374 et
3313 1311 3500 1390 puri
3537 1327 3672 1390 quoe

2118 1405 2338 1470 dedisti
2369 1406 2540 1483 milii,
2579 1405 2752 1488 quod
2775 1405 2844 1466 in
2871 1422 3143 1484 persona
3169 1403 3402 1468 Christi
3441 1403 3670 1470 dietum

2121 1517 2260 1562 esse
2299 1499 2558 1580 exponit
2597 1499 2800 1574 Paul.,
2827 1499 2909 1560 ad
2935 1497 3092 1560 Heb.
3124 1501 3162 1561 2
3180 1512 3201 1575 3
3233 1503 3298 1560 et
3337 1497 3668 1560 hocmodo

2120 1593 2448 1656 commode
2504 1593 2869 1673 intelligitur
2919 1591 3076 1654 illud
3115 1591 3383 1654 verbum
3431 1588 3672 1664 Christi,

2119 1687 2337 1748 Matth.
2368 1687 2445 1748 20
2473 1707 2486 1748 :
2527 1685 2748 1750 Sedere
2783 1691 2988 1750 autem
3017 1685 3104 1748 ad
3139 1684 3452 1750 mna-am
3489 1701 3672 1746 mm

2123 1781 2215 1844 tel
2262 1781 2610 1856 sinistram,
2637 1798 2758 1844 mm
2809 1785 2899 1844 est
2944 1797 3138 1842 meum
3180 1780 3329 1844 dare
3361 1779 3552 1852 vobis,
3581 1780 3676 1840 sed

2120 1874 2332 1955 quibus·
2399 1879 2690 1954 paratum
2729 1879 2818 1936 est
2879 1891 2922 1936 a
2975 1874 3168 1936 Patro
3209 1891 3358 1936 mco.
3421 1873 3672 1936 Ratione

2119 1966 2422 2047 probatur
2449 1966 2794 2040 conclusio,
2821 1966 2972 2046 quia
2995 1967 3166 2028 Deus
3189 1965 3270 2026 ab
3297 1971 3538 2028 aeterno
3559 1965 3674 2028 ele-

2119 2061 2210 2140 git
2259 2061 2376 2122 hos
2413 2077 2542 2139 pree
2577 2059 2728 2134 iuis3
2757 2059 2810 2122 si
2847 2077 3006 2138 ergo
3031 2057 3198 2124 banc
3223 2059 3676 2122 electionemet

2119 2153 2654 2234 comparationem
2701 2152 2849 2216 tecit
2887 2158 3146 2233 propter
3171 2150 3411 2218 Christi
3432 2153 3670 2226 merita,

2119 2247 2428 2327 oportebit
2477 2247 2825 2327 intelligere
2853 2246 3214 2326 praevidisse
3249 2247 3460 2310 Deum
3513 2245 3675 2310 Chri-

2119 2347 2282 2403 stum
2311 2360 2426 2419 per
2473 2342 2818 2402 humanam
2875 2340 3266 2401 voluntatem
3307 2339 3676 2400 dilecturum

2115 2433 2308 2496 fuisse
2359 2434 2474 2496 hos
2521 2434 2732 2514 potius
2777 2450 2970 2512 quam
3009 2432 3156 2494 illos
3177 2477 3196 2506 ,
3249 2439 3318 2494 et
3367 2430 3678 2494 efficacius

2118 2527 2472 2592 oblaturum
2490 2546 2604 2588 sua
2617 2527 2842 2588 merita
2855 2544 2972 2605 pro
2999 2527 3094 2588 his
3109 2543 3302 2606 quam
3323 2543 3446 2604 pro
3457 2525 3603 2596 illis,
3621 2527 3678 2586 et

2115 2621 2258 2683 ideo
2290 2621 2556 2700 elegisse
2581 2620 2696 2682 hos
2725 2619 3132 2699 potiusquam
3152 2619 3332 2694 illos;
3355 2636 3514 2680 nam
3538 2617 3596 2678 si
3621 2617 3680 2676 in

2119 2714 2356 2776 meritis
2395 2722 2457 2776 et
2507 2714 2828 2779 voluntate
2873 2713 3098 2776 Christi
3141 2731 3272 2774 non
3301 2710 3682 2791 previdebat

2121 2807 2398 2886 aliquam
2421 2805 2858 2880 differentiam,
2875 2824 2986 2868 scu
3003 2824 3422 2886 personarum
3439 2803 3682 2868 electiu-

2124 2918 2292 2974 nem,
2325 2919 2454 2961 non
2499 2907 2708 2982 potest
2739 2899 3001 2979 intelligi
3051 2898 3378 2978 quomodo
3428 2903 3683 2977 propter

2123 2991 2342 3057 Christi
2360 2994 2582 3056 merita
2604 2993 2888 3072 praevisa,
2909 2992 3196 3054 voluntas
3214 2991 3328 3052 Dei
3346 2990 3546 3054 fuerit
3559 3007 3684 3050 ma·

2121 3086 2217 3166 gis
2241 3086 2654 3148 determinata
2671 3085 2755 3148 ad
2770 3086 2890 3148 hos
2903 3085 3250 3166 eligendoS,
3263 3085 3478 3164 potius
3497 3099 3682 3164 quam

2119 3178 2256 3240 illos
2277 3198 2293 3254 ;
2325 3179 2436 3242 sed
2455 3177 2560 3240 illc
2579 3179 2734 3242 ordo
2755 3197 2870 3240 seu
2887 3177 3110 3242 modus
3127 3177 3458 3240 electionis
3477 3194 3682 3255 neque

2122 3279 2218 3336 est
2247 3291 2452 3346 veruS,
2481 3291 2600 3334 nec
2641 3272 3049 3345 convenicae,
3081 3275 3200 3334 hec
3227 3271 3384 3332 satis
3423 3269 3682 3349 intelligi

2121 3373 2351 3446 potest,
2382 3367 2608 3428 saltem
2649 3367 2816 3428 circa
2861 3385 3082 3430 omnes
3107 3367 3368 3428 electos.
3405 3365 3680 3428 Primum

2119 3465 2315 3542 patet,
2345 3462 2494 3540 quia
2521 3480 2648 3524 non
2669 3461 2888 3524 debuit
2907 3462 3194 3524 voluntas
3215 3461 3450 3522 divinae
3472 3461 3684 3525 huma·

2120 3573 2220 3618 nae
2247 3555 2649 3631 conformari,
2683 3555 2797 3618 sed
2831 3557 3040 3636 potius
3085 3555 3368 3618 humana
3417 3554 3678 3624 divinae;

2124 3667 2254 3712 non
2283 3668 2434 3730 ergo
2466 3648 2609 3712 ideo
2631 3650 2796 3712 Deus
2821 3649 3012 3730 elegit
3035 3652 3148 3712 hos
3167 3649 3376 3729 potius
3398 3665 3594 3728 quam
3619 3647 3684 3706 il-

2122 3741 2244 3818 los,
2269 3741 2417 3821 quia
2439 3741 2722 3806 Christus
2745 3750 2813 3806 ut
2842 3743 3033 3806 homo
3051 3743 3140 3804 ita
3167 3749 3309 3804 erat
3341 3742 3680 3814 electurus,

2125 3837 2238 3900 sed
2261 3837 2468 3916 potius
2497 3836 2642 3898 ideo
2671 3836 2946 3900 Christus
2981 3837 3300 3900 efficacius
3321 3835 3550 3900 obtulit
3575 3853 3684 3896 sua

2123 3935 2344 3992 merita
2383 3949 2496 4010 pro
2527 3930 2624 3992 his
2669 3949 2860 4010 quam
2894 3949 3008 4011 pro
3033 3931 3172 4004 illis,
3199 3929 3354 4010 quia
3397 3930 3686 4011 cognovit

2127 4025 2370 4086 Patrem
2397 4041 2584 4084 suum
2607 4023 2698 4085 ita
2725 4043 2834 4088 eos
2859 4024 3234 4103 elegisse,ut
3261 4041 3342 4084 ex
3367 4022 3681 4090 omnibus,

2121 4136 2262 4197 quae
2291 4117 2354 4178 in
2381 4123 2534 4180 sect.
2565 4121 2604 4180 2
2651 4116 2922 4180 adducta
2949 4123 3118 4190 suut,
3143 4117 3556 4196 comprobari
3583 4136 3686 4196 po·

2121 4214 2280 4280 test,
2311 4211 2660 4290 praesertim
2695 4229 2772 4272 ex
2827 4218 2958 4274 toto
3009 4228 3062 4274 c.
3113 4214 3188 4273 Π
3231 4212 3450 4285 Joan.‚
3479 4215 3544 4274 et
3584 4211 3684 4270 iilo

2121 4302 2290 4364 dicto
2342 4303 2707 4383 Hieronym.
2741 4305 3114 4384 exponentis
3157 4303 3355 4368 verba
3381 4307 3528 4368 lsai.
3555 4307 3638 4368 35
3669 4323 3682 4364 :

2138 4395 2430 4462 Voluntas
2453 4396 2704 4460 Domini
2733 4397 2804 4461 in
2819 4415 3007 4460 marm
3029 4399 3162 4478 ejus
3175 4397 3508 4477 dio-iaetus,
3529 4397 3688 4460 scili-

2122 4496 2220 4552 cet
2243 4537 2260 4561 ,
2305 4489 2455 4567 quia
2512 4489 2818 4568 quidquid
2869 4491 3052 4553 Pater
3105 4491 3438 4568 disposuit,
3469 4489 3686 4556 Ciu-isti

2119 4581 2454 4645 virtutibus
2482 4581 2798 4659 impletur.
2825 4584 2902 4646 Et
2923 4583 2988 4646 in
3015 4583 3204 4663 hujus
3233 4583 3428 4647 etiam
3464 4584 3683 4649 confir-

2119 4674 2466 4737 mationem
2515 4675 2742 4738 adduci
2771 4683 3034 4755 posaunt
3059 4677 3276 4740 omnia
3301 4695 3448 4756 quae
3471 4693 3687 4756 supra,

2119 4785 2182 4846 q.
2219 4769 2318 4842 18,
2351 4772 2610 4832 tractata
2639 4775 2804 4844 sunt,
2830 4769 2912 4831 de
2941 4769 3130 4832 modo
3161 4789 3288 4849 quo
3333 4770 3548 4832 divina
3589 4787 3694 4830 vo-

2117 4861 2328 4924 luntas
2357 4862 2768 4941 praedetinivit
2794 4881 3016 4926 omnes
3048 4870 3228 4928 actus
3259 4865 3558 4926 humanae
3586 4881 3693 4924 vo-

2118 4955 2378 5016 luntatis
2405 4955 2650 5030 Christi,
2687 4963 2752 5019 et
2777 4975 2906 5037 quo
2933 4957 3071 5020 haec
3099 4957 3190 5020 illi
3215 4957 3420 5022 libere
3443 4957 3698 5020 coufor-

2116 5048 2427 5110 mabatur.
2467 5051 2830 5114 Secundum
2871 5055 3065 5131 patet,
3098 5051 3252 5132 quia
3299 5051 3510 5114 etiam.
3537 5051 3595 5112 si
3631 5051 3698 5112 in

2116 5141 2252 5204 aliis
2275 5143 2462 5206 rebus
2499 5142 3000 5220 admitteremus,
3024 5162 3150 5206 non
3177 5162 3436 5206 omnem
3477 5151 3698 5206 actum

2117 5235 2458 5298 voluntatis
2504 5237 2796 5298 humanae
2821 5237 3044 5300 Christi
3069 5237 3264 5300 fuisse
3290 5257 3328 5298 a
3355 5239 3494 5300 Deo
3529 5254 3696 5317 prae-

2119 5325 2450 5391 definitum
2501 5329 2676 5406 prius
2709 5329 2972 5404 ratione,
3004 5347 3198 5410 quam
3243 5337 3414 5394 esset
3443 5327 3698 5436 paesci-

2119 5425 2242 5497 tuS,
2280 5422 2648 5486 incredibile
2677 5430 2889 5486 tamen
2919 5432 3018 5488 est
3039 5424 3364 5505 negotium
3395 5420 3696 5502 gravissi·

2121 5531 2294 5576 mum
2355 5514 2580 5583 diuinae
2629 5516 3382 5596 p1·0videntiae,nimirum
3428 5517 3561 5579 elei·
3571 5517 3696 5578 tio-
