3892 6167
1318 366 1638 422 viarum-r.
1672 363 1793 419 mv.
1829 326 2000 420 ssc'r.
2037 366 2143 421 vm

124 472 195 529 et
222 470 341 542 19,
372 474 437 531 01
460 467 573 530 lib.
604 466 647 527 4
670 463 750 526 de
778 461 988 534 civit„
1030 480 1171 544 cap.
1220 464 1319 537 10,
1368 470 1432 527 01
1476 464 1586 527 111).
1640 468 1704 541 ’7,

126 580 287 641 cap.
330 566 391 637 5,
426 560 537 623 ubi
566 578 643 622 ex
663 559 945 621 Varrone
967 556 1161 619 refert
1180 559 1473 638 antiquos
1484 557 1707 620 fecisse

122 654 505 727 simulacra,
548 658 619 715 ut
662 668 777 731 per
831 666 907 711 ea
972 650 1191 713 mundi
1243 652 1543 729 animam,
1592 668 1707 712 seu

120 754 361 825 partes
406 748 544 829 ejus
574 742 1053 823 conspicerent3
1090 744 1365 823 ideoque
1405 745 1707 824 frequen-

122 842 263 903 tius
289 842 357 903 in
380 842 587 904 forma
610 839 893 899 humana
916 855 993 900 ea
1016 838 1417 916 confinxisse,
1444 846 1511 901 ut
1550 840 1707 901 Deos

122 934 507 997 hominibus
530 930 765 994 similes
792 949 933 993 esse
964 930 1411 1012 significarent.
1453 932 1705 1007 Quocir-

126 1046 207 1091 ca
234 1048 413 1109 saepe
458 1029 861 1109 fingebantur
878 1026 1069 1099 idola,
1091 1026 1281 1089 veluti
1306 1027 1703 1106 receptacula

126 1122 445 1201 quaedam
473 1122 859 1202 superiorum
912 1120 1209 1183 virtutum
1238 1137 1381 1199 quai
1408 1120 1533 1181 illis
1560 1138 1708 1182 000-

122 1216 321 1295 jungi
347 1215 756 1295 putabantur,
787 1220 853 1276 et
894 1215 961 1275 in
994 1213 1087 1275 013
1112 1230 1419 1293 responsa
1444 1212 1704 1288 dabant,

128 1306 381 1385 quibus
408 1308 745 1371 exteriores
761 1306 1019 1370 effectus
1042 1312 1105 1369 et
1122 1305 1431 1369 beneficia
1450 1312 1707 1386 accepta

126 1398 529 1463 referebant.
555 1401 735 1464 Unde
758 1399 1167 1481 Augustiana,
1192 1418 1372 1462 cone.
1396 1400 1517 1462 210
1541 1399 1701 1461 Ρ301.

132 1495 287 1569 113,
320 1494 567 1573 inquit:
604 1495 761 1559 Sino
788 1494 921 1559 vieo
970 1494 1177 1575 aliquo
1204 1494 1542 1559 habitam-e
1587 1512 1709 1558 esse

127 1602 255 1647 non
278 1592 527 1665 putant.
558 1586 733 1659 Quod
759 1587 947 1649 variis
965 1587 1487 1666 Philosophorum
1534 1587 1707 1649 testi-

130 1679 379 1741 moniis
424 1680 717 1755 ostendit,
778 1679 887 1743 lib.
915 1681 956 1742 8
982 1679 1063 1742 de
1090 1679 1294 1755 civit„
1344 1696 1485 1760 cap.
1514 1682 1593 1743 23
1644 1686 1709 1743 01

132 1776 239 1845 24,
279 1778 347 1834 01
376 1772 485 1836 lib.
520 1776 621 1848 10,
650 1793 791 1854 cap.
826 1776 921 1847 10,
946 1780 1011 1839 01
1028 1775 1209 1856 epist.
1236 1779 1338 1852 49,
1373 1795 1437 1858 q.
1476 1778 1547 1848 3;
1583 1776 1711 1837 Eu-

136 1866 311 1940 seb.,
340 1865 454 1929 lib.
489 1868 530 1928 8
560 1867 641 1930 de
680 1870 1046 1949 Praeparat.,
1074 1888 1210 1949 cap.
1240 1874 1299 1934 6.
1323 1872 1399 1933 Et
1452 1877 1710 1950 propter

134 1960 309 2021 hanc
338 1978 601 2023 causam
616 1962 933 2043 Scriptura
960 1980 1139 2025 sacra
1160 1981 1331 2026 nunc
1344 1970 1524 2025 vocat
1544 1964 1708 2026 idola

133 2053 387 2133 lapides
413 2060 475 2115 et
508 2054 703 2131 ligna,
736 2072 905 2117 nunc
917 2073 1067 2118 vero
1088 2057 1407 2119 daemones
1425 2101 1441 2130 ,
1469 2057 1699 2120 Psalm.

136 2148 219 2209 95
248 2164 266 2208 2
304 2146 525 2211 Omm
542 2148 635 2211 dii
655 2149 921 2231 pontium
956 2152 1282 2225 ἀκούω
1319 2152 1552 2213 Denter
1574 2154 1655 2214 32
1682 2170 1697 2213 =

76 2268 87 2281 ν
138 2240 624 2304 Immolaverm
645 2242 983 2309 doemoniis.
1008 2249 1064 2307 et
1089 2260 1207 2307 non
1230 2245 1375 2329 Deo,
1416 2244 1541 2307 diis
1558 2260 1709 2325 quoe

138 2332 511 2411 ignorabant
533 2358 560 2407 ;
588 2335 619 2394 1
650 2334 731 2395 ad
762 2335 899 2396 Cor.
923 2338 1035 2398 to:
1066 2335 1293 2416 Fuyite
1308 2338 1382 2399 ab
1406 2336 1705 2401 idolorum

142 2426 397 2489 cultura
406 2450 433 2499 ;
454 2431 518 2488 et
536 2426 747 2489 subdit
770 2428 925 2489 infra
956 2448 971 2489 :
998 2428 1472 2504 Qua-immolant
1482 2435 1707 2510 900103,

144 2518 461 2581 doemoniis
480 2520 820 2585 immolant.
849 2522 1029 2585 Unde
1054 2522 1313 2585 tandem
1338 2541 1415 2585 eo
1444 2522 1713 2585 devene-

146 2617 319 2687 runt,
343 2618 414 2673 ut
430 2611 728 2691 ipsasmet
752 2614 1080 2677 sensibiles
1097 2622 1333 2679 statuas
1354 2616 1513 2679 Deos
1530 2623 1715 2697 puta-

146 2712 316 2780 rent,
346 2704 479 2767 sive
508 2704 647 2767 illas
692 2724 837 2769 eum
866 2709 1183 2790 spiritibus
1222 2710 1713 2773 inhabitantibus

146 2814 267 2877 per
288 2798 551 2861 modum
578 2800 769 2861 unius
782 2801 1355 2881 apprehenderent,
1392 2804 1523 2866 sive
1558 2804 1713 2867 nihil

149 2892 317 2953 inter
336 2909 446 2955 003
474 2899 540 2954 01
563 2895 921 2973 superiores
948 2896 1207 2959 virtutes
1232 2896 1709 2977 distinguerent,

152 2986 267 3047 sed
300 2986 468 3065 quod
494 2986 847 3063 videbatur,
901 2988 1187 3053 absolute
1230 2990 1589 3054 adorarent.
1638 2992 1714 3053 Et

152 3078 301 3139 ideo
331 3079 395 3140 10
420 3080 737 3159 Scriptura
758 3099 935 3144 sacra
960 3100 1127 3163 soepe
1158 3085 1577 3148 admonentur
1620 3085 1715 3146 ni·

158 3170 251 3231 hil
268 3170 599 3235 divinitatis
624 3175 725 3236 vel
752 3175 995 3237 virtutis
1022 3194 1161 3239 esse
1190 3196 1375 3260 posse
1406 3178 1475 3240 in
1524 3178 1715 3241 rebus

156 3264 573 3329 manufactis.
610 3268 807 3344 Paul„
864 3270 1001 3331 Act.
1035 3273 1147 3333 192
1186 3273 1345 3346 Quia
1398 3288 1516 3335 non
1568 3278 1714 3335 eunt

156 3358 251 3420 dii
278 3361 387 3438 qui
418 3362 696 3423 manibus
712 3364 892 3437 fiunt.
935 3363 1113 3426 Unde
1139 3366 1548 3445 AugustinuS‚
1598 3365 1706 3428 lib.

156 3452 195 3511 3
220 3450 299 3513 de
326 3451 811 3526 Doct.Christ.,c.
832 3456 873 3516 6
891 3458 1283 3528 et7·,omnem
1298 3458 1713 3521 idololatriam

158 3543 236 3605 ad
266 3544 394 3605 duo
424 3548 628 3625 capita
646 3554 917 3623 revocat,
947 3552 1097 3628 quia
1120 3551 1217 3613 vel
1240 3550 1715 3630 simulacraipsa

157 3654 353 3699 manu
408 3638 573 3701 faeta
622 3646 690 3702 ut
732 3641 887 3703 Deos
930 3643 1271 3717 habebant,
1302 3644 1405 3707 vel
1429 3646 1479 3705 si
1523 3644 1713 3724 aliqui

159 3748 382 3793 eorum
399 3750 473 3795 ea
492 3738 563 3795 ut
580 3734 761 3814 signa
782 3736 1174 3817 interpretari
1200 3740 1593 3802 conabantur
1612 3738 1717 3813 ,ad

157 3830 519 3888 creaturam
544 3828 874 3891 colendam
920 3831 1300 3895 referebant.
1353 3833 1528 3895 ldem
1583 3833 1717 3895 fere

158 3924 384 3998 quaest.
410 3922 531 3983 116
558 3920 619 3981 10
642 3922 873 3985 Genes.
898 3940 921 4001 3
948 3925 1203 3999 Euseb.,
1226 3926 1335 3987 lib.
1368 3929 1406 3989 5
1436 3926 1515 3989 de
1546 3927 1716 3988 Prae-

157 4020 391 4094 parat„
420 4032 563 4094 cap.
593 4018 689 4077 15.
724 4017 941 4095 Neque
978 4026 1075 4081 est
1122 4019 1240 4081 hoc
1276 4020 1517 4082 creditu
1562 4020 1717 4081 diffi-

157 4106 299 4182 cile,
342 4109 667 4188 supposita
688 4109 1047 4187 ignorantia
1074 4130 1188 4193 per
1223 4120 1553 4193 peceatum
1590 4117 1720 4178 ori·-

158 4202 371 4281 ginale
388 4206 731 4280 contracta,
763 4209 827 4266 et
870 4222 987 4283 per
1038 4207 1397 4270 diuturnam
1454 4228 1721 4272 000300-

156 4294 447 4359 tudinem
474 4340 493 4368 ,
543 4298 859 4377 falsasque
914 4299 1278 4364 traditiones
1318 4303 1717 4382 postmodum

160 4396 372 4452 aucta.
397 4392 741 4453 Praesertim
772 4410 915 4454 cum
946 4394 1011 4454 in
1040 4394 1163 4455 illis
1191 4396 1579 4474 temporibus
1624 4397 1721 4457 lu-

160 4500 311 4545 men
330 4481 475 4545 fidei
497 4491 559 4547 01
586 4486 801 4565 gratias
820 4504 1009 4566 parce
1031 4490 1597 4551 communicaretur
1606 4490 1721 4552 ho·

160 4576 463 4647 minibus,
494 4596 573 4639 ex
592 4579 819 4658 quibus
838 4580 1021 4641 multi
1075 4588 1223 4643 sunt
1253 4582 1413 4643 adeo
1458 4582 1615 4643 tardi
1656 4588 1719 4645 et

160 4687 389 4749 parum
418 4671 721 4747 instructi,
770 4678 839 4734 ut
870 4675 973 4734 vix
1010 4672 1164 4753 quid
1205 4674 1462 4737 nomine
1502 4676 1610 4737 Dei
1636 4676 1719 4737 si-

162 4762 495 4845 gnificetur
516 4765 889 4845 concipiant,

242 4860 305 4919 6.
350 4858 579 4929 Το1110,
609 4863 850 4921 0003101
875 4860 1191 4938 liehanos,
1211 4861 1717 4943 quandocunque

161 4953 229 5013 in
252 4954 570 5032 Scriptura
590 4952 829 5032 peccati
845 4954 1210 5017 idololatriae
1226 4956 1713 5035 redarguuntur,

163 5047 439 5109 imitatos
469 5046 661 5109 fuisse
688 5064 879 5126 supra
908 5047 1107 5110 dictos
1135 5047 1291 5111 ritus
1317 5050 1626 5129 gentium,
1650 5054 1721 5111 ut

165 5148 406 5205 constat
436 5158 514 5204 ex
537 5140 795 5201 historia
812 5141 1175 5217 Jeroboam,
1202 5143 1313 5222 qui
1350 5141 1579 5203 vitulos
1608 5160 1722 5203 au-

165 5254 311 5297 reos
340 5237 559 5311 erexit,
584 5238 625 5297 3
650 5238 805 5311 Reg.
840 5238 937 5306 12,
969 5233 1095 5309 ubi,
1122 5253 1179 5296 e.
1210 5235 1311 5310 18,
1326 5234 1491 5297 Elias
1516 5243 1725 5298 osten-

164 5328 257 5390 dit
284 5346 509 5391 omnes
532 5329 695 5402 illos,
728 5346 887 5409 quos
914 5328 1201 5391 Israelita·-
1228 5335 1378 5390 tune
1406 5328 1717 5415 colebant,

166 5422 357 5484 fuisse
386 5420 578 5484 falsos
615 5423 796 5498 Deos,
827 5422 1065 5484 similes
1118 5422 1241 5484 diis
1286 5422 1591 5503 gentium,
1616 5438 1723 5483 eo-

168 5532 435 5595 rumque
464 5515 701 5577 cultum
730 5534 865 5579 esse
898 5515 1283 5580 eontrarium
1334 5515 1531 5580 cultui
1582 5514 1717 5579 veri

1788 463 1920 526 Dei.
1975 463 2050 529 Et
2101 464 2270 529 idem
2329 473 2575 531 constat
2623 484 2700 529 ex
2747 468 3344 548 reprehensionibus

1785 557 1962 619 Isaiae
1987 559 2091 636 46,
2121 559 2356 622 Jerem.
2391 564 2453 635 2,
2484 563 2824 623 Deuteron.
2854 561 2925 622 31
2959 579 2972 622 :
3007 564 3345 647 Deum,qui

1786 654 1844 713 te
1878 652 2106 733 amicit,
2153 652 2553 733 dereliquisti,
2597 659 2653 715 et
2707 652 2928 716 oblitus
2967 672 3029 717 ee
3091 656 3344 719 Domini

1786 744 2080 807 orcam
2109 746 2205 808 tui
2217 769 2246 817 ,·
2267 748 2332 807 et
2370 746 2532 809 infra
2563 767 2578 809 ε
2611 745 3089 811 Immolaverunt
3128 750 3344 813 doemo-

1783 836 1932 909 niis‚
1967 843 2026 901 ot
2061 838 2338 903 nonDeo.
2371 839 2487 903 Ubi
2517 857 2724 902 sermo
2751 846 2846 901 est
2869 840 2948 903 de
2975 840 3343 905 adoratione

1783 928 1985 1003 vituli,
2012 929 2076 990 in
2115 946 2242 1009 qua
2272 932 2514 995 Hebraei
2559 921 2892 1013 AEgy'ptios
2915 932 3138 994 imitati
3171 940 3338 1007 sunt,

1784 1028 1857 1085 ut
1908 1024 2298 1102 Augustinus
2339 1030 2546 1102 notat,
2589 1026 2749 1088 111)10
2807 1027 2885 1088 18
2930 1024 3010 1087 (10
3060 1024 3340 1103 civitate,

1785 1134 1925 1197 oap.
1962 1123 2025 1181 5.

1865 1214 1924 1274 7.
1977 1211 2283 1287 Quantum
2305 1213 2467 1277 inter
2487 1213 2828 1295 imayinum
2869 1232 3184 1281 sacrarum
3211 1216 3346 1279 ido-

1784 1306 2098 1387 lorumque
2113 1308 2340 1373 cultum
2365 1308 2634 1374 intersit.
2650 1340 2731 1356 --
2750 1307 3009 1383 Quarto,
3034 1328 3110 1372 ex
3133 1309 3232 1372 his
3259 1310 3346 1371 fa—

1788 1398 1907 1461 cile
1930 1400 2304 1481 intelligitur
2329 1408 2639 1481 quantum
2673 1402 2860 1464 distet
2886 1401 3170 1465 adoratio
3196 1420 3344 1465 nos·

1787 1500 2034 1556 trarum
2061 1494 2406 1575 imaginum
2427 1496 2510 1557 ab
2528 1496 2836 1558 idolorum
2854 1496 3118 1559 cultura.
3135 1496 3346 1558 Eccle-

1789 1588 1883 1651 sia
1924 1589 2094 1651 enim
2125 1588 2331 1651 solum
2373 1606 2481 1650 eas
2505 1589 2816 1663 imagines
2838 1588 2904 1650 in
2937 1589 3344 1651 veneratione

1788 1684 2004 1758 habet,
2038 1700 2178 1762 qnae
2217 1698 2521 1761 personas
2567 1682 2934 1745 adoratione
2983 1682 3212 1761 dignas
3247 1701 3347 1745 re-

1786 1781 2193 1859 praesentant.
2223 1776 2459 1838 Deinde
2489 1794 2618 1837 nou
2665 1774 2947 1837 absolute
2983 1780 3045 1839 et
3091 1782 3350 1857 propter

1788 1889 1859 1933 se
1898 1888 2012 1932 eas
2060 1868 2302 1941 adorat,
2347 1869 2462 1931 sed
2511 1876 2708 1932 101010
2768 1886 2985 1931 earum
3044 1869 3349 1930 honorem

1789 1964 2002 2043 aliquo
2042 1961 2232 2024 modo
2265 1962 2347 2023 ad
2383 1970 2716 2043 prototypa
2768 1962 2978 2025 refert.
3022 1960 3119 2023 Ad
3181 1962 3343 2035 haec,

1783 2057 1941 2120 illas·
1965 2074 2043 2118 ex
2089 2074 2238 2118 vera
2263 2055 2390 2118 fide
2419 2061 2484 2118 01
2536 2055 2994 2117 existimatione
3039 2053 3342 2135 depingit,

1784 2168 1888 2211 res
1942 2166 2274 2228 corporeas
2335 2150 2418 2211 ab
2460 2147 2890 2229 spiritualibus
2953 2147 3350 2227 distinguen-

1784 2243 1901 2315 do,
1957 2258 2468 2322 unamquamque
2509 2242 2691 2322 juxta
2739 2240 3148 2321 capacitatem
3211 2242 3349 2321 ejus

1788 2334 2319 2416 repraesentando.
2366 2334 2456 2397 Ac
2510 2334 2785 2416 denique
2831 2349 3348 2413 unamquamque

1790 2448 1925 2497 rem
1967 2430 2033 2491 in
2081 2447 2196 2489 suo
2242 2429 2441 2508 gradu
2489 2432 2552 2490 et
2611 2428 2855 2499 ordine,
2889 2430 2952 2488 et
2993 2426 3175 2507 juxta
3213 2442 3350 2487 mo·

1792 2523 1943 2585 dum
1989 2540 2174 2583 suum
2231 2526 2590 2593 veneratur,
2643 2520 2854 2581 omnia
2890 2520 2957 2579 in
3009 2519 3197 2580 unius
3242 2518 3349 2580 Dei

1794 2617 2032 2679 cultum
2061 2623 2126 2678 et
2161 2633 2527 2696 supremum
2553 2616 2854 2676 honorem
2882 2612 3246 2686 referend03
3279 2617 3350 2674 ut

1794 2716 2004 2772 autem
2033 2711 2099 2771 in
2139 2710 2330 2773 simili
2357 2708 2511 2771 dixit
2540 2709 2950 2789 Augustinus,
2981 2706 3141 2769 libro
3165 2706 3348 2770 tertio

1792 2804 1873 2867 de
1922 2804 2100 2865 Dect.
2155 2802 2407 2877 Christ„
2467 2820 2606 2883 cap.
2679 2806 2754 2878 6,
2807 2801 2916 2863 ille
2964 2800 3190 2875 cultus,
3241 2800 3354 2880 qui

1792 2899 2041 2961 videtur
2063 2915 2203 2959 esse
2217 2897 2336 2957 sub
2353 2896 2544 2957 rebus
2575 2902 2684 2957 aut
2705 2894 2904 2976 signis
2918 2892 3350 2974 corporalibus

1794 3010 1868 3054 ac
1897 2990 2374 3072 temporalibus,
2396 2992 2444 3052 si
2469 2989 2552 3051 ad
2580 2991 2764 3051 unius
2797 2988 2902 3050 Dei
2930 2988 3164 3051 cultum
3191 2988 3351 3049 rese-

1794 3094 1992 3161 ratur,
2015 3086 2202 3163 longe
2233 3104 2270 3145 a
2296 3083 2588 3146 Gentium
2622 3100 2797 3145 more
2825 3088 2888 3145 et
2911 3080 3348 3160 superstitione

1796 3180 2004 3242 distat.
2033 3180 2110 3240 Et
2135 3178 2356 3239 similia
2384 3184 2648 3257 possunt
2675 3176 2837 3238 sumi
2879 3193 2958 3237 ex
2985 3174 3207 3237 eodem
3236 3174 3345 3238 lib.

1796 3274 1877 3335 20
1913 3278 2128 3333 contra
2174 3270 2415 3346 Faust„
2461 3289 2515 3332 0.
2556 3273 2658 3342 13,
2699 3275 2762 3331 01
2801 3286 2881 3332 ex
2923 3268 3238 3330 Germano
3287 3272 3352 3327 et

1794 3366 2078 3440 Leonti0‚
2104 3364 2170 3426 in
2192 3368 2314 3425 act.
2342 3366 2382 3425 4
2405 3364 2512 3425 VII
2534 3361 2769 3444 Synod.
2807 3364 2886 3423 At
2908 3377 3060 3423 vero
3077 3359 3355 3423 Gentiles

1796 3466 1859 3522 et
1888 3457 2218 3539 erigebant
2245 3462 2479 3519 statuas
2500 3474 2612 3517 seu
2632 3456 2939 3535 imagines
2962 3452 3350 3516 daemonibus

1796 3559 1905 3615 aut
1937 3550 2147 3632 pravis
2176 3550 2560 3626 hominibus,
2581 3556 2789 3626 01003,
2821 3547 2918 3609 vel
2938 3549 3256 3610 creaturas
3283 3546 3350 3605 in

1795 3647 1918 3707 illis
1946 3648 2430 3725 repraesentatas
2453 3648 2708 3723 propter
2763 3660 2831 3703 se
2877 3638 3165 3703 colebant
3214 3644 3351 3699 tan-

1796 3756 1987 3820 quam
2046 3753 2336 3816 suprema
2395 3737 2676 3809 numina,
2721 3736 3080 3816 primasque
3130 3748 3350 3795 causas

1796 3835 2152 3913 aliquorum
2199 3833 2425 3894 saltem
2470 3832 2829 3904 effectuum,
2887 3847 2998 3891 seu
3039 3836 3352 3909 tempora-

1797 3928 1947 3989 lium
1979 3927 2316 4015 bonoru-m.
2339 3924 2697 3990 Credebant
2715 3925 2904 3987 etiam
2937 3941 3156 3987 omues
3187 3922 3347 3995 illos,

1798 4039 1956 4103 quos
1985 4026 2056 4083 ut
2083 4020 2244 4083 Deos
2273 4020 2586 4091 colebant,
2615 4037 2753 4081 esse
2769 4034 3126 4097 corporeos,
3157 4021 3216 4078 et
3241 4032 3354 4095 per

1798 4114 2117 4195 propriam
2147 4113 2616 4175 similitudinem
2647 4130 2763 4192 per
2790 4129 2899 4174 eas
2918 4110 3224 4191 imagines
3255 4126 3353 4169 re-

1798 4208 2184 4288 praesentari,
2205 4206 2428 4287 quibus
2459 4204 2862 4267 nihilominus
2886 4204 3131 4267 divinos
3156 4204 3355 4265 hono-

1799 4319 1903 4363 res
1932 4311 1996 4363 et
2024 4300 2328 4363 sacrificia
2351 4299 2729 4375 offerebant3
2761 4298 2952 4362 distat
2972 4296 3242 4378 igiturin
3260 4293 3356 4356 in-

1799 4394 2047 4457 finitum
2092 4412 2310 4457 eorum
2363 4411 2536 4455 error
2581 4394 2662 4455 ab
2687 4392 2975 4455 Ecclesiae
3029 4388 3356 4453 Catholieae

1800 4490 2088 4552 veritate.
2130 4489 2308 4551 Unde
2357 4488 2565 4551 Sancti
2619 4488 2833 4549 Patres
2886 4484 3356 4565 vigilantissime

1799 4584 2166 4645 restiterunt
2223 4581 2556 4655 haereticis,
2625 4580 3132 4661 quandocunque
3199 4576 3356 4637 ritus
3430 4584 3446 4593 “

1800 4674 2126 4757 gentilicos
2154 4692 2298 4735 cum
2335 4674 2682 4755 imaginum
2736 4692 2855 4735 usu
2897 4678 2960 4734 01
2985 4669 3356 4732 adoratione

1799 4770 2064 4830 miscere
2111 4773 2456 4848 coeperunt,
2481 4773 2551 4828 ut
2583 4784 2660 4829 ex
2685 4768 2951 4839 Irenaeo‚
2981 4761 3354 4843 Epiphanio,

1798 4860 2172 4942 Augustino,
2197 4860 2349 4921 locis
2363 4877 2554 4939 supra
2569 4860 2792 4931 citatis,
2813 4859 3080 4929 0003101,
3093 4854 3199 4933 qui
3211 4856 3359 4917 Car-

1798 4962 2118 5037 pocratem
2175 4960 2238 5016 et
2277 4952 2602 5016 Gnostieos
2655 4950 3144 5031 reprehendunt,
3188 4946 3358 5029 quod

1800 5052 2187 5111 monstrosas
2213 5049 2584 5110 Sanctorum
2613 5042 2928 5122 imagines
2972 5060 3115 5105 eum
3152 5038 3358 5122 proia-

1802 5142 1902 5204 nis
1951 5141 2302 5203 simulacris
2352 5138 2830 5219 conjungerent,
2880 5136 3127 5217 illisque
3166 5136 3358 5198 sacri·

1804 5236 1947 5298 ficia
1977 5234 2300 5297 offerrent.

1882 5332 1942 5391 8.
1995 5328 2363 5409 objectio.-
2380 5322 2953 5406 Respondes-Sed
2989 5324 3216 5402 urgent
3235 5321 3360 5384 has·

1800 5422 2002 5498 retici,
2039 5421 2208 5502 quia,
2232 5420 2377 5483 licet
2403 5419 2466 5479 in
2490 5418 2609 5479 hac
2629 5416 3019 5489 adoratione,
3051 5416 3217 5478 bene
3250 5414 3362 5478 illa
3464 5451 3479 5467 ·

1800 5514 2064 5592 utendo,
2094 5514 2459 5577 manifestus
2495 5510 2862 5576 idololatriae
2901 5528 3056 5571 usus
3099 5525 3223 5572 non
3265 5509 3360 5570 in-
