3892 6167
1295 364 1620 423 mst’mn.
1650 366 1776 423 xm.
1807 368 1979 425 SECT.
2013 372 2095 427 lv.

171 493 258 557 per
293 488 350 533 se
371 462 670 531 sufficiens
697 466 834 541 est3
862 462 1172 527 tamenin
1207 464 1328 531 hoc
1374 468 1648 533 maxime

167 568 356 633 relucet
382 561 509 641 ejus
535 554 900 619 sufficientia
927 562 990 617 et
1033 557 1360 637 perfectio,
1387 563 1560 643 quod
1587 570 1652 629 et

167 676 314 725 suum
334 656 604 718 effectum
629 648 838 723 hahet,
869 656 934 712 et
959 669 1088 715 non
1117 653 1392 717 excludit
1433 662 1650 721 nostra

167 770 336 835 opera,
375 746 584 809 merita
620 748 685 807 et
707 743 1192 822 satisfactiones,
1225 750 1340 813 sed
1373 751 1498 815 illis
1539 771 1652 832 po·

167 852 258 911 tius
280 844 386 905 vim
411 847 470 902 et
501 836 836 901 efficaciam
881 838 1120 913 tribuit,
1165 842 1332 905 unde
1389 852 1652 925 possunt

163 942 254 1001 dici
287 950 656 1007 concurrere,
699 936 770 993 ut
803 950 1010 995 causae
1026 932 1424 999 divoesorum
1461 957 1650 1019 gene·

162 1052 286 1105 rum,
315 1024 660 1092 universalis
691 1029 754 1085 et
775 1022 1082 1105 proxima,
1115 1045 1256 1107 quae
1292 1029 1358 1091 in
1405 1049 1520 1095 suo
1545 1050 1647 1093 or·

162 1130 274 1189 dine
299 1121 566 1205 perfectae
605 1120 900 1183 existunt.
943 1121 1171 1184 Errant
1217 1124 1408 1205 igitur
1447 1124 1647 1189 nostri

161 1230 252 1283 tem
258 1216 400 1297 poris
418 1212 712 1289 heretici,
735 1213 844 1293 qui
863 1215 1156 1277 meritum
1177 1217 1400 1281 Christi
1429 1219 1646 1285 dicunt

158 1318 384 1373 nostrum
409 1304 760 1377 excludere,
789 1311 876 1379 et,
906 1306 958 1369 si
987 1314 1271 1371 nostrum
1299 1318 1642 1389 asseratur,

157 1400 418 1465 obscurari
443 1398 662 1459 Christi
693 1397 984 1461 meritum
999 1416 1024 1477 3
1061 1403 1267 1482 potius
1317 1404 1486 1467 enim
1513 1424 1642 1469 me-

153 1498 312 1571 ritum}
331 1492 532 1555 Christi
574 1491 760 1555 infert
787 1498 1092 1569 nostrum,
1125 1502 1428 1575 tanquam
1451 1516 1644 1561 causa

153 1591 386 1651 effectum
400 1602 422 1662 3
451 1591 510 1647 et
530 1591 844 1659 nostrum,
873 1592 944 1647 ut
971 1584 1314 1651 Concilium
1339 1590 1644 1655 Tridenti-

150 1700 264 1743 num
279 1679 436 1754 dixit,
451 1678 809 1743 manifestat
838 1685 900 1745 et
925 1680 1198 1745 illustrat
1221 1683 1492 1762 gloriam
1513 1704 1642 1749 me-

149 1778 360 1839 ritorum
384 1771 624 1835 Christi.

208 1872 284 1931 10.
319 1868 407 1929 Do
435 1884 627 1947 pm
647 1868 1006 1947 peractoris·
1033 1869 1644 1937 rasinianae-Ulti-

143 1980 220 2025 mo
237 1960 462 2023 tandem
481 1964 721 2039 quaeret
739 1960 966 2041 aliquis
989 1979 1072 2023 an
1101 1964 1384 2027 remissio
1411 1984 1642 2049 poenoe,

142 2074 248 2133 quae
273 2054 334 2117 fit
367 2055 428 2115 in
447 2054 843 2135 purgatorio,
873 2055 956 2117 sit
991 2056 1181 2121 ctiam
1211 2059 1474 2123 effectus
1499 2079 1642 2125 me-

139 2150 350 2211 ritorum
387 2147 628 2211 Christi.
661 2150 758 2211 De
789 2150 904 2211 hac
928 2168 1000 2213 re
1025 2150 1264 2213 dictum
1293 2159 1390 2217 est
1421 2174 1636 2235 supra,

139 2244 262 2321 disp.
287 2245 340 2315 t,
370 2245 514 2303 sect.
549 2242 645 2303 11.
685 2244 736 2305 N
743 2260 864 2303 unc
881 2242 1154 2307 breviter
1171 2248 1590 2329 respondetur
1613 2272 1632 2311 ε

137 2336 339 2415 quando
365 2353 548 2414 poena
573 2336 666 2399 ibi
707 2338 1046 2401 remittitur
1069 2358 1184 2419 per
1216 2341 1640 2423 indulgentias

137 2430 212 2489 vel
254 2428 684 2495 satisfactiones
737 2433 1054 2510 vivorum,
1099 2433 1236 2495 sine
1297 2434 1488 2499 dubio
1543 2442 1638 2501 est

142 2522 348 2585 effectus
358 2524 726 2587 meritorum
749 2524 994 2601 Christi,
1009 2526 1184 2605 juxta
1215 2528 1380 2591 dicta
1401 2530 1468 2591 in
1489 2548 1636 2591 con-

137 2616 364 2677 clusione
391 2616 632 2695 ultima,
663 2625 760 2683 est
799 2620 974 2683 enim
1021 2620 1248 2683 eadem
1299 2623 1456 2685 ratio
1478 2646 1497 2700 ;
1523 2626 1634 2689 illa

135 2728 266 2783 vere,
295 2729 422 2789 quta
447 2714 666 2790 potius
707 2719 806 2775 est
850 2713 1076 2777 solutio
1111 2733 1306 2795 quam
1347 2719 1634 2781 remissio

133 2822 310 2883 poenae,
335 2805 476 2883 quia
523 2804 594 2867 fit
641 2822 762 2885 per
815 2806 1198 2888 condignam
1245 2810 1636 2891 satispassio-

132 2916 258 2971 nem,
279 2916 393 2959 non
433 2904 530 2961 est
547 2918 668 2963 our
693 2900 774 2961 sit
795 2900 1052 2965 effectus
1077 2904 1447 2969 meritorum
1465 2906 1634 2971 Chri-

131 2992 204 3063 sti,
229 2993 356 3069 quia
376 2992 462 3055 ibi
482 2994 682 3057 homo
715 2994 898 3057 solvit
922 2996 1050 3057 Deo
1083 3004 1394 3076 quantum
1423 3018 1628 3080 poenae

129 3084 292 3148 debet.
317 3085 494 3147 Addit
523 3091 748 3151 tamen
773 3088 970 3170 vega,
991 3089 1103 3153 lib.
1135 3093 1212 3152 15
1233 3091 1294 3153 in
1321 3093 1628 3171 Trident.,

129 3180 462 3253 c.10,etiam
482 3180 604 3243 illis
629 3180 968 3245 animabus
993 3182 1298 3261 prodesse
1327 3188 1628 3250 meritum

129 3268 318 3342 Christi,
340 3277 406 3332 ut
439 3290 584 3335 cum
612 3274 742 3336 illis
771 3275 1096 3339 remissius
1121 3284 1372 3357 agatur,
1391 3285 1453 3341 et
1473 3280 1628 3345 citra

129 3364 448 3443 condignum
465 3366 839 3445 puniantur.
855 3370 980 3433 Sed
1007 3388 1136 3433 non
1163 3379 1258 3435 est
1277 3372 1632 3454 intelligen-

129 3454 262 3531 dum,
287 3466 496 3537 praeter
528 3460 710 3525 illam
735 3480 990 3542 poenam
1017 3483 1158 3543 quie
1179 3466 1490 3529 interdum
1523 3486 1632 3531 re-

129 3551 333 3613 mittitur
358 3554 420 3615 in
445 3556 818 3635 purgatorio
847 3576 964 3637 per
981 3558 1280 3639 suffragia
1313 3559 1624 3637 Ecclesiae,

130 3644 382 3707 interdum
411 3648 604 3709 etiam
635 3649 868 3713 remitti
897 3650 1176 3730 aliquam
1201 3670 1460 3731 poenam
1479 3672 1629 3733 pro-

129 3744 226 3813 pter
271 3741 480 3803 merita
523 3743 758 3805 Christi
813 3743 1174 3809 immediate
1211 3746 1520 3827 applicata
1549 3766 1628 3809 ex

129 3832 386 3897 voluntate
427 3836 537 3899 Dei
592 3836 837 3917 absque
871 3838 993 3899 alio
1037 3838 1270 3903 medio.
1297 3841 1428 3903 Hoc
1457 3840 1628 3903 enim

129 3942 280 4001 :eque
321 3927 802 3994 tundamentum
845 3928 1076 4007 habet,
1111 3950 1234 3995 nec
1283 3933 1626 3999 verisimile

129 4018 236 4079 nihi
261 4020 524 4097 videtum
560 4041 678 4085 cur
719 4021 890 4085 enim
908 4024 1076 4087 Deus
1099 4032 1316 4105 postea
1347 4028 1626 4091 remitte-

130 4116 186 4171 ·et
209 4112 364 4175 illam
401 4133 690 4195 poenam,
719 4134 906 4197 quam
934 4134 1066 4179 non
1102 4117 1344 4181 remisit
1367 4121 1622 4199 quando

129 4204 322 4269 tbstulit
337 4208 614 4288 culpam,
627 4228 774 4274 eum
788 4212 1432 4291 supponaturnullum
1453 4215 1626 4277 aliud

129 4297 340 4361 aedium
363 4319 496 4365 esse
526 4302 916 4382 applicatum
941 4302 1176 4367 homini
1201 4304 1282 4367 ad
1308 4306 1626 4371 remissio·

130 4406 222 4449 tem
249 4393 374 4455 talis
401 4412 614 4473 poenae
636 4399 661 4457 2
687 4396 906 4459 Solum
935 4415 1088 4477 ergo
1127 4398 1388 4479 intelligi
1417 4406 1626 4480 potest

131 4500 162 4543 n
177 4483 291 4563 ipsa
315 4487 682 4553 remissione
701 4490 926 4569 oulpae,
957 4490 1212 4569 quando
1239 4499 1455 4557 reatus
1479 4512 1582 4573 pce
1599 4528 1622 4541 ο

129 4594 188 4639 1ae
207 4585 432 4645 aeternae
467 4589 752 4649 mutatur
781 4584 846 4645 in
897 4584 1338 4665 temporalem,
1363 4594 1622 4669 propter

129 4671 294 4735 nei-ita
317 4675 537 4737 Christi
577 4675 721 4739 fieri
755 4682 828 4739 ut
863 4678 1126 4739 mutatio
1165 4678 1276 4742 fiat
1321 4680 1386 4741 in
1425 4682 1624 4743 mino-

129 4780 218 4825 ·em
237 4784 504 4844 posnam,
535 4786 732 4849 quam
771 4768 958 4833 fieret
991 4770 1230 4833 eoeteris
1257 4772 1536 4851 paribus,
1565 4774 1622 4835 si

129 4872 208 4916 non
235 4866 384 4921 esset
428 4858 692 4923 fundata
741 4861 807 4923 in
849 4862 1088 4925 meritis
1113 4858 1357 4927 Christi.
1388 4859 1464 4927 Et
1517 4866 1620 4929 hic

131 4966 293 5015 casus
315 4952 502 5017 habet
523 4956 700 5020 illam
727 4956 1232 5036 probabilitatem
1275 4976 1466 5037 quam
1490 4956 1614 5021 dixi

129 5045 430 5123 explicando
459 5050 922 5113 conclusionem
951 5052 1219 5126 tertiam,
1243 5056 1307 5113 et
1335 5052 1454 5113 hoc
1481 5069 1618 5113 mo-

129 5134 188 5213 lo,
213 5142 258 5199 si
279 5140 540 5205 tortasse
563 5160 758 5223 pena
781 5144 1130 5225 purgatorii
1155 5150 1412 5225 propter
1446 5140 1616 5209 Chri·

130 5234 238 5291 tum
257 5236 454 5297 mitior
471 5244 592 5312 ost,
617 5254 752 5301 non
773 5244 869 5299 est
895 5244 1156 5317 propter
1179 5237 1618 5299 remissionem

129 5340 222 5397 [uoe
257 5326 336 5389 ibi
383 5328 518 5403 fiat,
542 5330 660 5391 sed
702 5336 960 5411 propter
987 5330 1158 5393 illam
1195 5348 1338 5411 quae
1383 5330 1454 5393 in
1495 5330 1618 5393 hac

130 5416 206 5477 ita
229 5419 380 5485 facta
407 5425 806 5505 supponitur.
829 5426 912 5487 Et
933 5430 1190 5507 propter
1219 5424 1490 5489 similem
1518 5444 1620 5489 ra-

130 5508 324 5591 tonem,
351 5534 479 5581 aon
521 5517 702 5581 video
751 5517 902 5599 quid
933 5519 1316 5585 difficultatis
1359 5518 1614 5597 habeat,

3172 370 3291 437 365

1731 471 1832 533 vel
1853 472 2009 550 quid
2034 471 2135 544 sit,
2172 468 2343 549 quod
2369 469 2433 531 in
2458 468 2683 536 eodem
2712 470 2876 546 loce,
2908 489 2959 535 c.
2996 474 3292 555 ll,Vega

1731 564 2075 641 contendit,
2106 570 2437 646 postquam
2465 562 2676 625 anima
2720 569 2814 625 est
2834 562 3109 643 perfecte
3136 586 3288 647 pur-

1731 662 1900 737 gata,
1924 656 2207 737 indigere
2242 676 2407 719 nova
2452 657 2873 739 applicatione
2922 660 3288 725 meritorum

1733 748 1979 823 Christi,
2020 756 2091 811 ut
2124 753 2187 811 in
2228 750 2683 815 beatitudinem
2740 748 3205 830 introducatur3
3235 752 3287 815 si

1733 842 1903 907 enim
1927 844 2269 909 contendat
2287 846 2489 924 ipsam
2503 841 2895 907 collationem
2916 842 3127 927 gloriae
3147 864 3284 911 esse

1731 936 2029 999 effectum
2056 940 2425 1001 meritorum
2445 936 2691 1009 Christi,
2722 936 2873 999 illud
2911 936 3163 1021 quidem
3195 944 3289 1003 est

1725 1047 1971 1107 verum,
1998 1036 2061 1093 et
2088 1049 2127 1093 a
2160 1031 2341 1093 nobis
2356 1032 2489 1109 jam
2520 1028 2883 1113 probatum3
2904 1028 2953 1093 si
2977 1050 3122 1094 vero
3146 1052 3289 1095 con·

1731 1122 1949 1185 tendat
2004 1142 2236 1187 novam
2292 1124 2479 1185 aliam
2509 1122 2991 1205 applicationem
3038 1124 3287 1187 merito·

1725 1233 1870 1277 rum
1917 1234 2059 1279 esse
2104 1216 2549 1289 necessariam,
2582 1235 3117 1295 supervacaneum
3165 1224 3281 1293 est,

1725 1314 1788 1369 et
1809 1308 1944 1371 sine
1972 1308 2383 1373 fundamento
2434 1316 2783 1387 assertum,
2828 1310 2931 1373 illa
2961 1310 3129 1373 euim
3175 1332 3285 1393 ap-

1723 1404 1979 1483 plicatio
2000 1411 2151 1467 tunc
2172 1405 2421 1487 proprie
2450 1404 2613 1467 sacta
2641 1412 2759 1481 est,
2772 1406 3025 1485 quando
3046 1404 3287 1469 homini

1724 1498 1942 1561 datum
1968 1504 2065 1563 est
2090 1500 2439 1581 perfectum
2477 1501 2583 1577 jus
2620 1498 2698 1561 ad
2738 1500 3031 1581 gloriam3
3069 1500 3284 1581 incipit

1723 1601 1938 1657 autem
1996 1594 2233 1657 habere
2289 1592 2579 1657 effectum
2648 1594 2904 1673 quando
2958 1592 3280 1657 beatitudo

1721 1685 1858 1767 ipsa
1881 1688 2217 1753 confertur.

2324 1872 2537 1927 sssct'lo
2572 1872 2650 1927 tv,

1732 1998 1922 2055 emm
1942 1996 2189 2055 Christus
2218 1996 2485 2055 Dominus
2513 1996 2781 2053 meruerit
2823 1994 3109 2051 hominum
3130 1996 3280 2053 etec-

2052 2082 2259 2163 tt‘opwm
2284 2090 2341 2141 et
2372 2080 2933 2154 praesumtionem.

1802 2251 1860 2309 ¹.
1901 2248 1975 2311 in
2006 2248 2431 2329 superioribus
2471 2246 2703 2311 dictum
2730 2254 2823 2309 est
2844 2244 2923 2309 dc
2952 2244 3277 2309 effectibus

1722 2338 2317 2421 praedestinationis,
2348 2348 2412 2403 et
2430 2340 2644 2421 gratiss
2670 2338 3280 2415 creatae,beneficiis-

1718 2450 1844 2513 que
1895 2451 2037 2513 quae
2068 2437 2323 2515 propter
2359 2430 2669 2497 Christum
2698 2434 2862 2495 Deus
2906 2430 3088 2495 nobis
3121 2450 3275 2495 con-

1713 2526 1874 2602 fert3
1908 2545 2079 2589 nunc
2127 2526 2467 2589 dicendum
2498 2534 2591 2591 est
2620 2522 2699 2589 de
2725 2524 3275 2607 praedestinatione

1713 2618 1876 2703 ipsa,
1906 2628 1971 2683 et
2010 2621 2311 2684 electione
2328 2604 2533 2701 ‘quam
2558 2618 2749 2701 aliqui
2779 2618 3271 2703 (necimmerito)

1713 2715 1987 2795 qratiam
2015 2714 2346 2779 increatam
2368 2721 2699 2792 vocant,eo
2730 2712 2900 2793 quod
2922 2732 3046 2775 non
3068 2714 3273 2777 solum

1714 2808 2015 2873 consistat
2036 2808 2099 2869 in
2122 2808 2434 2873 beneficio
2463 2808 2674 2888 aliquo
2698 2812 2909 2869 creato
2938 2805 3121 2869 uobis
3152 2808 3271 2871 col·

1712 2900 1866 2977 lato,
1897 2902 2015 2965 sed
2061 2902 2127 2965 in
2160 2902 2444 2985 ipsismet
2485 2900 2725 2965 actibus
2773 2898 3062 2963 increatis
3090 2898 3271 2963 intel·-

1711 2996 1912 3061 lectus
1936 2994 2127 3059 divini
2148 3002 2210 3059 et
2233 2994 2590 3071 voluntatis,
2630 2997 2820 3075 prout
2848 2992 2930 3055 ad
2953 2992 3182 3057 electos
3210 3000 3273 3057 et

1709 3090 2185 3171 praedestinatos
2212 3086 2411 3151 libere
2446 3088 2887 3151 terminantur.

1789 3187 1852 3247 2.
1895 3182 2119 3247 Prima
2166 3182 2481 3249 sententia.
2512 3180 2863 3243 —Medina
2888 3178 3011 3255 laic,
3058 3199 3117 3263 q.
3172 3182 3265 3255 ¹9,

1709 3278 1848 3341 dub.
1869 3276 2073 3341 ult.—
2090 3274 2247 3337 Hinc
2264 3275 2608 3337 modernus
2634 3272 2892 3353 quidam
2910 3272 3268 3355 Theologus

1709 3370 1875 3433 hanc
1929 3368 2339 3448 quaestionem
2368 3367 2705 3449 ottingene,
2743 3386 2871 3427 non
2923 3366 3124 3427 solum
3152 3366 3267 3427 fal-

1710 3481 1874 3539 sum,
1905 3462 2021 3525 sed
2064 3466 2129 3523 et
2155 3460 2593 3543 improbabile,
2640 3460 3023 3539 minimeque
3062 3466 3265 3523 tutum

1709 3561 1818 3618 aut
1845 3573 2139 3617 securum
2171 3554 2485 3617 existimat
2513 3572 2672 3628 esse,
2712 3552 2919 3615 dicere
2944 3552 3105 3615 hanc
3128 3573 3267 3633 gra-

1707 3648 1858 3709 tiam
1901 3647 2127 3709 divinae
2186 3646 2507 3709 electionis
2538 3652 2647 3707 aut
2674 3644 3261 3727 praedestinationiS,

1705 3738 1774 3799 in
1827 3738 1946 3801 hac
1983 3740 2366 3821 proprietate
2432 3746 2771 3817 sumptam,
2822 3758 3006 3819 posse
3037 3738 3263 3803 cadere

1707 3832 1825 3895 suh
1850 3834 2167 3907 meritum,
2202 3832 2351 3913 quia
2384 3832 2536 3895 alias
2568 3832 2699 3895 dari
2720 3838 2934 3913 posset
2954 3852 3145 3895 causa
3167 3852 3267 3895 ac·

1705 3932 1808 3989 tus
1836 3926 2063 3989 divinae
2107 3926 2448 3991 voluntatis
2474 3947 2549 3991 ex
2576 3933 2753 4007 parte
2786 3926 2946 4006 ejus,
2976 3926 3143 4005 quod
3174 3930 3265 3989 est

1703 4018 2109 4099 impossihile,
2148 4040 2291 4083 cum
2347 4028 2520 4083 actus
2558 4020 2661 4083 ille
2700 4020 3015 4081 increatus
3065 4020 3163 4093 sit,
3198 4026 3265 4083 ut

1703 4120 1872 4177 recte
1909 4113 2150 4178 notavit
2178 4118 2251 4177 D.
2279 4112 2579 4189 ThomaS,
2610 4116 2639 4177 1
2668 4134 2757 4194 p.,
2794 4132 2853 4193 q.
2893 4118 2991 4191 19,
3024 4133 3083 4177 a.
3112 4116 3171 4187 5,
3202 4118 3265 4175 et

1702 4222 1764 4287 q.
1809 4210 1912 4281 24,
1956 4226 2016 4269 a.
2044 4208 2109 4283 t,
2140 4208 2249 4289 qui
2300 4206 2419 4269 hac
2472 4206 2711 4270 ratione
2747 4204 2951 4285 docet,
2982 4226 3058 4269 cx
3083 4212 3261 4287 parte

1705 4297 1900 4361 dlvini
1960 4306 2159 4379 actus,
2194 4300 2801 4383 praedestinationem
2865 4298 3089 4364 Christi
3134 4320 3262 4363 non

1703 4410 1841 4455 esse
1895 4411 2157 4457 causam
2202 4400 2432 4457 nostrae
2480 4390 3065 4475 proetlestinationiS,
3127 4401 3261 4457 tum

1701 4487 1852 4567 quia
1904 4488 2131 4551 eodem
2194 4495 2341 4550 actu
2388 4486 2913 4569 praedestinamur
2957 4504 3095 4563 nos,
3135 4506 3259 4569 quo

1699 4582 1816 4644 fuit
1870 4581 2151 4646 Christus
2172 4582 2681 4663 proedestmatus;
2716 4588 2853 4645 tum
2889 4580 3081 4645 etiam
3114 4580 3261 4663 quia

1701 4680 1881 4738 actus
1910 4674 2108 4739 divini
2132 4693 2263 4737 non
2288 4680 2497 4757 potest
2524 4673 2659 4737 dari
2696 4692 2908 4737 causa.

1779 4772 1840 4833 3.
1884 4768 2109 4833 Fertur
2138 4768 2206 4833 de
2222 4768 2519 4851 praedicta
2540 4766 2837 4835 sententia
2846 4768 3260 4849 judicium.—

1702 4862 2006 4943 Objectiva
2032 4878 2219 4925 causa
2254 4862 2521 4943 alicujus
2548 4862 2765 4927 decreti
2790 4860 2961 4925 liberi
2987 4862 3259 4925 volunta·

1695 4956 1778 5020 tie
1807 4955 2033 5021 diviua
2048 4972 2173 5020 esse
2188 4962 2386 5039 potest
2399 4954 2868 5023 creatura—In
2880 4955 3260 5021 naturalibus

1693 5056 1878 5131 patet.
1897 5042 2069 5113 —In
2100 5050 2436 5113 moralibus
2468 5052 2653 5115 etiam
2682 5056 2737 5115 et
2765 5052 2837 5113 ab
2874 5052 3253 5115 amaritate.

1697 5170 1777 5187 —
1802 5140 2247 5203 Verumtamen
2276 5188 2293 5217 ,
2351 5143 2525 5223 quod
2578 5140 2661 5205 ad
2713 5142 3119 5224 quaestionem
3175 5142 3255 5205 de

1696 5233 1981 5317 possibili
2004 5242 2265 5315 spectat.
2304 5234 2547 5299 nemini
2583 5236 2843 5297 dubium
2874 5254 3011 5299 esse
3052 5242 3255 5317 potest

1697 5328 1848 5410 quin
1893 5328 2107 5391 divina
2142 5328 2585 5393 benevolentia
2612 5335 2675 5393 et
2712 5328 2998 5391 voluntas
3030 5326 3251 5405 libera,

1697 5418 1910 5505 quoad
1945 5422 2211 5487 liberam
2243 5422 2835 5487 determinationem
2870 5421 2953 5482 ad
2999 5419 3255 5499 aliquod

1699 5516 2012 5597 objectum
2062 5522 2365 5593 creatum,
2415 5516 2607 5597 possit
2648 5514 2873 5577 cadere
2921 5512 3039 5577 sub
3071 5512 3257 5577 meri·
