3892 6167
1214 319 1535 378 msPUTAT.
1570 318 1765 374 mu.
1801 319 1971 373 SEGT.
2007 321 2066 374 ll.

149 430 361 505 mortali,
386 432 445 490 et
463 427 571 488 toti
602 427 839 488 naturas
866 437 1240 487 communes
1262 430 1450 496 sunt;
1482 439 1619 502 per·

150 527 335 590 tinebat
358 521 509 584 enim
533 521 649 582 hoo
684 516 771 580 ad
791 517 1121 578 veritatem
1146 517 1425 595 corporis
1450 535 1617 578 mor-

146 621 265 690 talis,
286 625 337 678 et
356 615 427 676 ad
448 612 629 676 fidem
658 611 793 689 ejus
818 610 1371 689 comprobandam.
1396 611 1617 674 Susce-

144 715 213 794 pit-
234 708 427 772 deinde
452 707 683 784 aliquas
706 705 1051 784 passiones,
1082 705 1182 764 vel
1208 703 1493 766 defectus
1531 703 1618 767 ab

146 806 427 868 extrinseca
448 817 644 862 cansa.
660 797 933 875 naturali
957 797 1059 860 vel
1084 797 1357 860 violenta
1386 816 1615 877 prove-

143 900 359 964 nientes;
386 894 469 956 sic
496 893 661 956 enim
690 891 1005 954 interdum
1038 907 1259 972 passus
1288 897 1385 954 est
1413 891 1615 971 frigus

142 993 211 1054 vel
234 990 467 1051 calorem
486 1032 505 1062 ‚
539 985 791 1066 flagella
824 988 889 1046 et
916 1001 1189 1048 crucem.
1234 984 1473 1066 Regula
1502 1003 1617 1046 au-

142 1093 235 1146 tem
252 1101 343 1144 seu
368 1098 651 1142 mensura
674 1079 900 1142 harum
924 1079 1288 1157 passionum
1310 1079 1427 1140 fuit
1440 1084 1619 1140 mter-

146 1199 201 1240 na
218 1177 303 1240 Dei
336 1173 649 1253 sapientia,
694 1191 825 1253 qua
860 1173 1195 1236 definitum
1220 1172 1339 1234 fuit
1368 1173 1523 1250 quid
1548 1173 1617 1234 in

146 1275 225 1334 hoc
250 1287 447 1350 genere
493 1268 819 1348 expediret
870 1267 1211 1346 suscipere.
1262 1267 1441 1330 Unde
1475 1273 1617 1328 tan-

143 1367 239 1428 dem
260 1363 455 1426 dicitur
478 1379 605 1424 non
626 1362 945 1442 accepisse
969 1361 1275 1441 quosdam
1302 1360 1612 1434 derectus,

142 1459 213 1538 qni
246 1457 325 1517 vel
358 1455 777 1518 indecentiam
820 1455 1099 1534 aliquam
1126 1453 1451 1516 continent
1470 1498 1487 1528 ,
1516 1451 1617 1514 vel

138 1567 423 1614 communes
448 1566 577 1611 non
618 1557 769 1612 sunt
793 1550 913 1612 toti
956 1553 1199 1612 naturae
1218 1591 1235 1620 ‚
1262 1546 1374 1608 sed
1404 1565 1483 1608 ex
1506 1545 1619 1610 ali-

135 1665 225 1724 qua
248 1643 467 1723 speciali
509 1641 991 1722 imperfectione
1038 1642 1347 1716 oriuntur,
1396 1648 1467 1702 nt
1512 1639 1617 1702 hic

134 1741 189 1800 D.
210 1737 450 1812 Thomas,
480 1741 545 1800 et
580 1754 735 1798 cum
780 1737 886 1798 illo
930 1753 1149 1800 omnes
1176 1733 1481 1814 'theologi
1507 1733 1617 1796 do·

137 1838 253 1894 cent.

191 1931 233 1988 Ἰ.
266 1927 497 1992 Nullum
521 1927 803 1990 morbum
840 1943 1027 2008 nequo
1070 1925 1487 2007 agravatam
1516 1940 1617 1990 ae-

137 2021 321 2100 mpsit
344 2019 647 2084 omncs.
661 2051 747 2068 --
760 2019 1040 2100 objectio.
1060 2051 1143 2068 -·-
1158 2017 1509 2099 Responsio.
1532 2051 1617 2064 -

138 2117 199 2176 Ex
228 2132 319 2192 quo
342 2115 671 2194 expeditur
699 2131 1035 2178 commune
1077 2113 1335 2175 dubium
1372 2157 1389 2186 ,
1419 2131 1503 2174 an
1549 2113 1617 2174 in

139 2209 303 2269 Christo
322 2209 500 2270 fuerit
546 2207 825 2270 morbus
864 2207 1111 2285 aliquis,
1144 2213 1214 2268 ut
1237 2207 1472 2283 febris,
1504 2211 1619 2268 aut

134 2300 317 2362 morbus
346 2300 655 2374 caducus;
690 2319 821 2364 non
880 2302 1055 2364 enim
1106 2299 1472 2372 defuerunt,
1502 2300 1613 2378 qui

138 2401 407 2456 assererent
438 2395 767 2458 Christum
808 2395 1224 2474 assumpsisse
1250 2391 1621 2474 hujusmodi

133 2488 463 2566 egritudines,
490 2494 561 2550 ut
604 2489 681 2550 in
726 2489 1019 2551 omnibus
1047 2487 1347 2551 fratribus
1376 2487 1619 2550 assimi-

137 2581 313 2644 laretur.
338 2583 453 2644 Sed
484 2589 583 2644 est
638 2584 952 2646 sententia
984 2583 1333 2652 temeraria,
1377 2587 1441 2644 et
1474 2582 1617 2661 pia-

140 2691 233 2736 rum
250 2677 459 2738 auriam
488 2677 829 2749 offensiva,
862 2695 939 2738 eo
972 2677 1175 2756 magis
1198 2694 1324 2754 quo
1358 2675 1617 2754 mgr-itu·-

139 2767 191 2826 do
203 2769 395 2832 >Christo
412 2771 725 2834 attributa
742 2771 1049 2851 majorem
1074 2768 1615 2850 imperfectionem

137 2860 203 2920 vel
218 2862 587 2926 indecentiam
620 2864 1028 2926 continuerit.
1072 2863 1419 2926 Dicendum
1460 2881 1615 2941 ergo

137 2961 214 3029 est,
234 2974 401 3035 usqne
428 2958 737 3020 morbum
756 2999 773 3032 ‚
810 2975 1019 3036 neque
1046 2957 1485 3036 aegritudinem
1508 2975 1617 3018 ns·

134 3051 407 3128 sumpsisse,
435 3058 507 3113 ut
530 3053 745 3114 sensit
778 3053 847 3112 D.
891 3053 1165 3114 Thomas
1196 3051 1299 3113 hic
1322 3093 1339 3124 ‚
1388 3050 1615 3124 etalii,

130 3139 173 3200 in
199 3145 258 3212 3,
284 3143 409 3204 dist.
451 3147 529 3206 15
574 3152 653 3206 et
698 3148 811 3216 16ς
846 3149 909 3206 et
938 3144 1151 3207 docuit
1181 3145 1371 3206 etiam
1398 3143 1613 3218 Armi„

129 3233 357 3296 paradox.
400 3239 463 3313 3,
516 3257 575 3300 c.
638 3242 710 3300 21
736 3259 754 3312 ς
802 3238 1025 3317 Gajet„
1072 3243 1109 3299 2
1156 3243 1311 3298 tom.
1358 3238 1613 3314 Opnsc„

131 3329 357 3402 opusculo
379 3333 487 3402 13ς
513 3332 788 3405 Gloriam,
806 3332 989 3410 Lyra,
1016 3329 1201 3392 etalii
1228 3329 1617 3407 expositores

130 3415 285 3480 iiatth.
306 3422 359 3496 8,
389 3422 493 3484 ubi
524 3425 763 3485 citatur
788 3423 946 3484 illud
972 3423 1117 3484 lsai.
1162 3425 1279 3484 53:
1322 3421 1463 3488 Vm
1484 3423 1619 3486 lan-

126 3529 277 3590 9nom
292 3521 513 3578 nostroe
537 3517 680 3594 ipse
708 3517 871 3588 tulit,
904 3514 1013 3594 qui
1042 3520 1385 3594 exponunt,
1406 3515 1471 3576 id
1496 3521 1614 3590 est,

130 3621 218 3664 non
237 3605 285 3666 in
310 3626 369 3668 se
396 3609 673 3689 aceepit,
708 3609 823 3670 scd
852 3627 889 3670 a
916 3608 1101 3671 nobis
1130 3609 1387 3672 abstulit
1414 3615 1477 3670 et
1504 3609 1617 3672 do-

130 3697 261 3772 puna
278 3702 431 3778 quod
457 3703 651 3764 multi
678 3702 962 3764 referunt
989 3701 1070 3762 ad
1104 3702 1403 3764 virtutem
1430 3701 1619 3765 mira·

138 3789 337 3854 culorum
356 3841 374 3870 ,
404 3813 519 3876 per
549 3815 751 3876 quam
785 3796 1039 3858 morbos
1068 3795 1395 3858 hominum
1434 3813 1617 3858 sana-

136 3879 221 3958 bat,
246 3893 297 3950 ut
316 3889 523 3954 videre
548 3891 737 3953 estin
754 3889 827 3952 D.
853 3889 1108 3952 Hieron.
1134 3905 1325 3968 snper
1350 3889 1527 3964 Isai.;
1555 3896 1620 3952 et

132 3975 347 4055 August,
377 3989 559 4048 tract.
590 3987 665 4048 91
702 3983 769 4046 in
796 3983 1021 4056 Joan.;
1050 3989 1113 4044 et
1147 3982 1399 4058 Basilio,
1425 3983 1491 4044 in
1516 3999 1613 4046 re·

128 4069 242 4144 gulis
263 4073 681 4150 brevioribus,
712 4077 779 4138 in
808 4079 957 4150 1773
990 4078 1277 4156 quamvis
1312 4075 1489 4140 locus
1512 4077 1617 4138 ille

126 4161 225 4224 Isai-
263 4169 439 4231 alium
474 4172 675 4232 etiam
716 4170 1051 4232 litteralem
1081 4187 1338 4232 sensum
1378 4169 1617 4232 habere

126 4257 283 4331 possit,
310 4267 375 4324 ut
388 4268 639 4326 constat
668 4279 745 4326 ex
766 4265 796 4326 1
820 4263 1002 4344 epist.
1032 4264 1219 4337 Petri,
1248 4281 1305 4326 c.
1338 4267 1397 4326 ἃ.
1430 4265 1619 4326 Juxta

126 4351 423 4423 predictum
440 4375 599 4420 vero
616 4375 899 4434 sensnm,
920 4358 1165 4420 videtur
1182 4357 1413 4420 dixisse
1430 4358 1618 4420 Atha·

125 4443 303 4518 nasius,
328 4449 481 4513 libro
514 4451 599 4512 de
624 4451 962 4526 lucar-nat„
986 4457 1134 4514 ante
1158 4451 1459 4523 medium,
1488 4469 1621 4512 non

128 4533 349 4602 decuisse
376 4549 445 4604 ut
488 4544 573 4617 is,
604 4543 717 4623 qui
757 4544 843 4606 ad
882 4543 1193 4608 tollendas
1220 4544 1619 4608 infirmitates

127 4635 311 4693 nostras
370 4636 667 4700 veniebat
689 4683 711 4714 ,
768 4638 1171 4718 aegritudines
1222 4640 1569 4720 susciperet
1596 4657 1613 4712 ς

130 4722 251 4784 uude
272 4745 403 4788 cum
430 4729 633 4792 Isaias
660 4731 973 4793 Christum
998 4736 1181 4796 vocat
1206 4733 1411 4794 virum
1440 4732 1617 4794 dolo·

130 4828 257 4892 mm,
280 4828 341 4882 et
370 4822 675 4886 scientem
700 4823 1123 4888 infirmitatem
1144 4871 1160 4899 ‚
1188 4824 1619 4888 infirmitatem

130 4917 261 4972 meat
280 4913 469 4992 ipsam
514 4916 875 4996 passionem
916 4924 979 4981 et
1024 4920 1305 4999 corporis
1333 4918 1619 4980 afflictio·-

132 5011 253 5074 Πθῐΰ,
272 5014 331 5068 ut
349 5026 568 5073 omnes
583 5012 797 5074 Patres
822 5019 1167 5092 exponunt,
1190 5031 1323 5074 non
1342 5012 1619 5090 aliquem

132 5096 357 5160 morbum
410 5102 516 5164 vel
570 5105 851 5182 corporis
911 5105 1374 5184 nigritudinem.
1440 5106 1621 5168 Ratio

135 5184 353 5254 redditur
378 5212 414 5256 a
436 5195 509 5260 D.
542 5197 805 5272 Thema,
836 5199 983 5275 quia
1009 5197 1271 5260 morbus
1304 5199 1405 5260 vel
1441 5199 1619 5278 aegri·-

138 5277 241 5377 tado
264 5301 375 5346 non
400 5289 595 5352 oritur
622 5291 741 5352 nisi
780 5291 877 5354 vel
906 5309 985 5354 ex
1008 5292 1375 5372 imperfecta
1400 5311 1621 5373 corpo·

138 5373 574 5457 reformatione,
594 5401 736 5463 qne
762 5385 827 5446 in
846 5383 1093 5450 Christo
1116 5385 1331 5451 locum
1356 5403 1485 5448 non
1510 5385 1621 5450 he—

138 5459 251 5542 buit,
267 5475 325 5534 ut
346 5483 619 5553 constan
646 5479 745 5544 vol
772 5497 849 5542 ex
871 5480 1081 5560 alique
1106 5479 1621 5544 immoderatione

1702 420 1767 482 in
1796 421 1936 482 cibo
1973 427 2036 484 et
2061 427 2234 500 potu,
2259 429 2370 484 aut
2397 439 2476 486 ex
2509 423 2632 486 alia
2659 423 2842 486 simili
2873 441 3086 505 causa,
3121 447 3259 510 quae

1701 529 1895 590 quam
1920 513 2288 592 longissime
2327 517 2516 580 etiam
2558 535 2596 578 a
2636 518 2880 581 Christo
2910 520 3126 584 abfuit.
3158 524 3262 586 Di-

1700 623 1805 668 ces
1821 627 1838 667 :
1856 607 2170 670 interdum
2189 617 2395 688 potest
2411 612 2600 672 etiam
2615 614 2950 691 provenire
2967 633 3042 677 ex
3063 635 3256 680 causa

1704 701 2074 774 extrinseca,
2102 705 2172 766 ut
2196 721 2273 764 ex
2301 703 2700 766 inclementia
2723 707 2908 783 aeris,
2939 711 3040 772 vel
3065 730 3140 772 ex
3165 713 3258 773 in-

1702 793 1961 858 fluentia
2011 797 2170 858 coeli.
2229 799 2669 878 Respondetur
2733 819 2961 882 corpus
3021 807 3254 884 optime

1700 893 2146 966 temperatum,
2175 892 2362 970 quale
2389 892 2508 954 fuit
2537 909 2762 974 corpus
2799 896 3044 973 Christi,
3073 898 3254 962 facile

1696 982 1988 1044 resistere
2023 991 2088 1044 et
2118 1001 2420 1065 superare
2449 987 2812 1065 hujusmodi
2839 989 3130 1071 injuriam
3155 993 3256 1054 vel

1695 1075 2136 1156 intemperiem
2161 1079 2325 1152 coeli,
2351 1082 2692 1159 praesertim
2717 1082 2866 1160 quia
2897 1085 3257 1163 hujusmodi

1696 1184 1903 1228 causas
1944 1169 2212 1232 nimium
2263 1172 2552 1234 violentae
2608 1172 2792 1236 facile
2840 1181 3131 1254 poterant
3175 1179 3258 1240 ab

1694 1259 1832 1340 ipso
1858 1259 2100 1326 Christo
2141 1265 2358 1339 vitari,
2391 1266 2562 1345 qnod
2607 1273 2672 1328 et
2713 1269 3054 1348 expediens
3095 1271 3253 1347 fuit,

1697 1372 1843 1415 cum
1868 1355 2229 1436 hujusmodi
2262 1359 2547 1421 defectus
2577 1375 2698 1422 nec
2727 1379 2844 1439 per
2881 1381 2950 1424 se
2983 1364 3256 1426 divinam

1693 1466 2029 1529 personam
2059 1451 2380 1528 decerent,
2413 1471 2622 1532 neque
2671 1453 2853 1516 nobis
2899 1466 3110 1520 essent
3143 1477 3258 1520 ne-

1694 1543 1956 1602 cessarii
1979 1543 2082 1604 vel
2109 1544 2316 1606 utiles.

1777 1635 1837 1696 8.
1882 1633 2160 1713 obsectio.
2178 1671 2246 1684 -
2267 1639 2702 1717 Responsio»
2725 1641 3002 1705 Christus
3043 1644 3257 1724 absque

1693 1728 1825 1792 ulla
1851 1729 2208 1808 oeqritudine
2239 1731 2474 1794 tandem
2513 1741 2844 1798 moreretur
2865 1781 2880 1807 ‚
2913 1738 2968 1799 si
2995 1753 3104 1813 per
3135 1737 3256 1798 vim

1629 1891 1639 1900 ,
1692 1839 1811 1884 non
1827 1828 1981 1886 esset
2003 1823 2592 1901 interfectum-Sed
2621 1825 2788 1889 dicet
2811 1829 3076 1908 aliquis:
3105 1847 3255 1908 ergo

1693 1915 1743 1977 si
1790 1914 2072 1978 Christus
2115 1933 2244 1976 non
2286 1915 2506 1978 fuisset
2540 1935 2656 1998 per
2689 1921 2817 1982 vim
2865 1921 3250 1995 interfectus,

1692 2026 2021 2088 nunquam
2071 2008 2294 2072 fuisset
2341 2018 2624 2072 mortuus
2645 2060 2665 2088 ,
2723 2013 2894 2093 qnod
2946 2021 3256 2095 repugnat

1692 2102 2032 2166 conditioni
2083 2105 2361 2184 corporis
2415 2108 2716 2170 mortalis.
2773 2109 3046 2188 Sequela
3102 2127 3255 2171 vero

1691 2201 1887 2276 patet,
1942 2197 2094 2274 quia
2141 2215 2466 2275 nunquam
2509 2199 2917 2263 contraheret
2965 2203 3258 2264 morbum

1694 2297 1807 2350 aut
1830 2289 2298 2369 aegritudinem3
2329 2309 2408 2354 ex
2453 2294 2766 2356 sententia
2805 2300 3017 2357 autem
3063 2295 3260 2358 medi-

1695 2400 1937 2459 corum,
1985 2399 2116 2445 non
2149 2391 2358 2464 potest
2405 2385 2596 2448 homo
2647 2389 2826 2450 senio
2875 2387 3100 2450 confici
3147 2395 3258 2452 aut

1693 2477 2062 2540 naturaliter
2095 2477 2294 2552 mori,
2323 2479 2444 2540 nisi
2471 2479 2536 2540 in
2569 2480 2676 2541 illo
2715 2481 2926 2560 aliqua
2953 2483 3256 2562 aegritudo

1694 2570 2058 2635 intercedat.
2097 2571 2556 2650 Respondetur‚
2603 2591 2722 2636 nos
2771 2581 3016 2636 tantum
3059 2576 3258 2638 fuisse

1693 2663 1938 2726 locutos
1967 2664 2046 2726 de
2073 2663 2266 2737 factm
2295 2683 2444 2728 nam
2469 2667 2550 2728 de
2563 2667 2875 2746 possibili,
2901 2669 2952 2729 si
2981 2669 3258 2732 Christus

1694 2775 1897 2836 usque
1928 2757 2010 2820 ad
2045 2759 2306 2820 senilem
2337 2767 2400 2821 et
2441 2758 2825 2840 decrepitam
2874 2769 3121 2824 aetatem
3167 2763 3257 2825 vi-

1693 2858 1893 2926 veret,
1918 2851 2184 2916 fortasse
2215 2871 2342 2914 non
2373 2860 2760 2934 repugnaret
2785 2856 2946 2916 utin
2980 2849 3257 2936 aliquam

1694 2945 2132 3026 :egritudinem
2183 2947 2464 3010 incidere
2514 2955 2730 3028 posset
2783 2947 3018 3024 levem,
3071 2957 3134 3012 et
3175 2951 3260 3012 ad

1694 3040 1883 3102 breve
1914 3047 2184 3120 tempus,
2207 3041 2460 3118 qualem
2483 3059 2624 3103 eam
2641 3042 2874 3104 medici
2896 3043 3258 3106 describunt

1696 3132 1978 3196 accidere
1999 3133 2066 3195 in
2095 3133 2170 3196 iis
2199 3133 2334 3212 qui,
2365 3135 2736 3195 naturaliter
2759 3135 2938 3196 senio
2965 3137 3256 3209 confecti,

1696 3227 1873 3304 quasi
1904 3233 2129 3306 sponte
2161 3245 2275 3288 sua
2301 3228 2616 3289 occidunt.
2645 3229 2934 3290 Secundo
2964 3249 3114 3292 vero
3133 3229 3256 3292 dici

1696 3325 1902 3400 potest
1942 3337 2084 3382 esse
2130 3320 2446 3398 disparem
2475 3321 2784 3382 rationem
2826 3321 2906 3384 de
2953 3329 3154 3384 morte
3195 3327 3260 3384 et

1696 3413 2064 3492 aegritudine
2091 3428 2112 3490 3
2141 3430 2312 3474 mors
2341 3413 2512 3474 enim
2537 3413 2728 3474 habet
2755 3414 3163 3476 intrinsecam
3195 3420 3260 3476 et

1700 3506 2112 3570 sufficientem
2139 3525 2396 3568 causam
2426 3507 2490 3568 in
2531 3507 2668 3585 ipsa
2701 3507 2972 3568 naturali
2999 3525 3258 3588 compo-

1698 3600 1921 3662 sitione
1953 3606 2016 3663 et
2041 3603 2512 3662 conservatione
2547 3601 2808 3661 humani
2837 3601 3147 3681 corporis,
3179 3619 3263 3662 ex

1697 3713 1821 3774 qua
1849 3693 1919 3756 fit
1946 3699 2019 3756 ut
2037 3695 2342 3756 naturalis
2366 3693 2537 3756 calor
2555 3701 2618 3755 et
2643 3694 2966 3756 humidum
2984 3694 3258 3756 radicale

1695 3787 2000 3869 paulatim
2037 3787 2438 3850 remittantur
2475 3792 2536 3850 et
2566 3786 3004 3860 debilitentur,
3037 3794 3098 3849 et
3128 3794 3260 3850 tan·-

1697 3882 1841 3944 dem
1870 3880 2193 3953 deficiant3
2235 3881 2496 3944 morbus
2541 3887 2756 3942 antem
2805 3880 2907 3942 vel
2954 3880 3256 3959 aegritudo

1697 3993 1827 4038 non
1856 3975 2048 4038 hebet
2075 3975 2392 4038 sufficiens
2433 3975 2808 4054 principium
2851 3974 3258 4038 intrinsecum

1697 4069 1765 4130 in
1791 4070 1929 4148 ipsa
1953 4075 2180 4130 natura
2201 4113 2218 4142 ,
2249 4069 2300 4130 si
2331 4087 2560 4148 corpus
2597 4070 2808 4148 ipsum
2834 4067 3000 4130 bene
3027 4068 3260 4130 forma-

1700 4169 1833 4224 tum
1888 4161 1988 4238 sit,
2045 4169 2108 4224 et
2161 4163 2606 4226 convenienter
2657 4162 3104 4242 gubernatam.
3148 4162 3258 4224 illa

1698 4258 1867 4319 enim
1892 4257 2182 4320 remissio
2213 4256 2316 4318 vel
2343 4255 2664 4330 debilitas,
2693 4273 2832 4336 quse
2858 4256 3160 4336 paulatim
3189 4257 3262 4320 fit

1698 4351 1761 4412 in
1802 4353 1937 4430 ipsa
1980 4349 2248 4412 naturali
2279 4350 2528 4425 virtute,
2559 4368 2688 4412 non
2722 4349 2915 4411 habet
2949 4351 3262 4414 rationem

1696 4445 2118 4524 aegritudinis,
2163 4443 2276 4506 sed
2323 4444 2628 4506 naturalis
2677 4443 3102 4523 dispositionis
3123 4489 3144 4521 ‚
3191 4445 3260 4508 in

1696 4538 1811 4600 tali
1832 4543 2018 4600 aetate
2041 4537 2472 4600 convenientis
2494 4538 2774 4600 humano
2802 4539 3070 4616 corpori.
3099 4537 3262 4609 Quo-

1700 4634 1866 4694 circa
1894 4631 2205 4694 sententia
2229 4631 2342 4692 illa
2385 4631 2774 4692 medicorum
2791 4675 2814 4706 ,
2847 4631 2900 4692 si
2945 4650 3094 4694 vera
3140 4638 3258 4708 est,

1691 4727 1873 4806 juxta
1910 4742 2308 4788 communem
2339 4743 2526 4789 usum
2563 4725 2708 4786 vitm
2736 4723 3030 4786 humanas
3068 4725 3267 4786 inter·

1700 4821 2006 4901 pretends
2035 4829 2161 4892 est3
2197 4837 2310 4900 per
2337 4839 2406 4881 se
2435 4826 2648 4884 autem
2679 4825 2742 4882 et
2765 4818 3103 4881 intrinsece
3131 4837 3262 4882 non

1698 4920 2008 4994 repugnat
2035 4914 2278 4994 corpori
2311 4911 2588 4976 humano
2637 4929 2840 4991 usque
2879 4911 2963 4973 ad
2991 4918 3262 4974 mortem

1698 5009 2028 5090 pervenire
2061 5027 2176 5088 per
2215 5008 2522 5070 actionem
2555 5013 2840 5070 mut-uam
2883 5008 3110 5072 caloris
3151 5028 3262 5068 na·

1700 5103 1941 5176 taralis,
1967 5108 2030 5164 et
2047 5102 2350 5178 alimenti,
2373 5109 2523 5178 etc„
2547 5101 2788 5180 absque
2812 5103 3064 5181 propria
3086 5101 3267 5179 mgr-i*

1698 5196 1915 5258 tudine
1940 5196 2398 5269 intercedente3
2419 5213 2571 5256 nam
2589 5196 2912 5276 dispositio
2931 5196 3258 5270 naturalis,

1698 5289 1765 5352 in
1796 5307 1927 5368 qua
1958 5295 2161 5370 potest
2207 5290 2556 5352 humanum
2603 5307 2832 5369 corpus
2878 5290 3258 5364 conservari,

1699 5385 1891 5448 habet
1918 5391 2160 5447 certum
2187 5385 2523 5448 terminum
2543 5385 2778 5448 saltem
2819 5383 3258 5456 extrinsecum,

1698 5485 1759 5542 et
1806 5480 2020 5542 statim
2067 5493 2142 5540 ac
2189 5478 2362 5540 illum
2407 5479 2674 5558 attingit,
2719 5475 2949 5552 deficit,
2997 5479 3060 5538 et
3111 5478 3265 5538 unio
