3892 6167
1329 387 1650 444 DlSPUTAT.
1685 385 1852 440 xux.
1889 387 2059 442 SECT.
2094 385 2181 440 ln.

121 483 231 545 illa
265 481 492 544 nullibi
520 481 819 544 damnata
871 489 986 560 cst,
1039 503 1157 549 nec
1186 485 1422 550 salsitas
1453 489 1589 569 ejus
1621 505 1700 550 ex

121 575 425 640 revelatis
457 577 782 640 evidenter
824 578 1160 658 colligitur,
1192 579 1304 644 sed
1354 581 1588 662 pendet
1623 599 1700 643 ex

123 672 448 752 aliquibus
472 671 794 753 principiis
850 673 1239 736 naturalibus
1280 693 1396 738 seu
1445 675 1700 739 morali-

119 766 276 839 bus,
305 786 442 848 quae
466 785 594 828 non
627 772 772 829 sunt
800 764 885 828 ita
913 767 1249 830 evidentia.
1278 769 1515 834 Rursus
1555 775 1698 852 post

123 861 294 921 illud
315 859 684 936 Concilium,
728 859 1003 940 quandiu
1030 863 1167 943 ejus
1201 861 1476 927 definitio
1523 865 1699 944 igno-

124 960 272 1015 rata
301 959 417 1028 est,
449 969 577 1013 non
611 957 704 1015 est
727 954 911 1015 etiam
934 953 1042 1016 illa
1073 958 1417 1038 propositio
1459 962 1528 1021 ιιι
1570 957 1700 1018 hre-

123 1047 291 1108 resis
325 1047 645 1122 damnata,
679 1045 790 1108 sed
810 1054 881 1108 ut
908 1049 1115 1130 opinio
1157 1050 1321 1114 inter
1345 1051 1698 1130 Theologos

121 1141 344 1203 habita
368 1147 460 1204 est
490 1161 505 1217 ;
542 1149 714 1205 n‘unc
743 1149 979 1220 autem,
1011 1146 1299 1224 quamvis
1352 1145 1693 1209 Concilium

123 1234 292 1295 illud
320 1253 451 1297 non
503 1233 854 1316 ignoretur,
897 1241 1113 1300 tamen
1155 1237 1363 1300 adhuc
1413 1237 1693 1302 definitio

123 1326 300 1389 illius
328 1345 458 1389 non
491 1334 585 1391 est
612 1329 700 1392 ita
736 1329 904 1392 clare
939 1347 1306 1412 repugnans
1339 1333 1424 1394 illi
1467 1351 1697 1414 propo-

123 1420 366 1497 sitioni,
414 1426 487 1483 ut
521 1422 723 1502 possit
778 1441 920 1484 eam
966 1423 1232 1487 reddere
1285 1425 1691 1504 haereticam3

121 1515 258 1575 imo
293 1515 386 1593 (ut
415 1533 534 1596 ego
566 1513 952 1595 probabilius
985 1534 1125 1580 esse
1158 1521 1406 1601 censeo)
1433 1519 1695 1584 intentio

123 1614 190 1668 et
219 1607 505 1670 definitio
535 1607 792 1672 Concilii
823 1625 948 1672 non
987 1609 1107 1672 fuit
1146 1610 1226 1674 de
1253 1611 1361 1674 illa
1416 1614 1695 1693 proposi-

121 1703 299 1762 tione
331 1702 398 1762 in
428 1719 504 1763 eo
529 1719 718 1764 sensu
748 1707 1016 1764 tractare
1043 1711 1157 1765 aut
1185 1721 1326 1766 eam
1361 1705 1689 1782 damnare3

119 1813 279 1874 ergo
301 1793 546 1856 nullum
575 1799 670 1857 est
701 1792 1186 1858 fundamentum
1233 1815 1311 1860 ex
1343 1817 1471 1879 quo
1500 1801 1694 1879 possit

121 1888 423 1950 haeretica
447 1887 714 1952 censeri.
745 1889 1022 1972 Denique
1043 1907 1171 1952 non
1194 1891 1398 1955 solum
1427 1893 1690 1974 antiqui,

120 1981 240 2041 sed
269 1981 463 2044 etiam
493 1981 778 2044 moderni
821 1983 1123 2066 Theologi
1156 1985 1241 2048 ita
1283 1987 1562 2050 sentiunt
1613 1987 1692 2049 de

121 2076 229 2136 illa
259 2075 717 2156 propositione.
751 2077 929 2140 Unde
947 2078 1177 2156 Palac.,
1211 2079 1274 2152 3,
1298 2079 1360 2142 d.
1397 2083 1498 2158 ⁴0,
1524 2081 1686 2162 disp.

119 2173 182 2240 1,
219 2169 430 2232 solum
453 2170 559 2244 ait,
591 2171 845 2250 proprie
880 2189 1010 2234 non
1040 2189 1180 2235 esse
1235 2173 1690 2237 admittendam

113 2263 512 2327 locutionem
540 2264 736 2328 illam.
768 2264 964 2340 Dices,
995 2267 1282 2330 eamdem
1321 2285 1460 2330 esse
1503 2271 1691 2332 ratio-

115 2377 273 2420 nem
301 2357 380 2420 de
412 2358 532 2420 hac
555 2361 980 2446 propositione
1009 2365 1072 2422 et
1101 2360 1178 2422 de
1211 2362 1406 2425 altera
1432 2381 1448 2426 ε
1482 2364 1688 2426 Chris-

113 2459 224 2514 tus
245 2459 346 2514 est
363 2451 530 2514 filius
559 2451 888 2533 adoptivus
913 2471 935 2532 3
967 2455 1094 2516 imo
1144 2473 1338 2516 unam
1369 2475 1447 2518 ex
1491 2459 1686 2520 altera

115 2544 366 2622 inferri,
392 2544 542 2626 quia
562 2544 1002 2608 determinatio
1032 2565 1161 2608 non
1190 2555 1283 2610 est
1310 2547 1583 2612 conditio
1600 2547 1688 2612 di-

115 2639 440 2716 minuenS,
475 2645 585 2701 aut
614 2639 940 2720 assignans
981 2638 1179 2701 solam
1205 2641 1683 2705 humanitatem.

115 2731 564 2812 Respondetur
604 2731 896 2812 negando
944 2742 1361 2816 assumptum,
1399 2737 1544 2815 quia
1575 2735 1684 2796 illa

113 2825 562 2888 determinatio
609 2827 906 2907 adjuncta
933 2846 1012 2890 ex
1039 2837 1216 2910 parte
1258 2830 1524 2910 subjecti
1575 2831 1684 2893 de·

111 2923 419 2983 terminat
440 2919 616 2996 illud,
643 2924 712 2982 ut
747 2939 875 2982 non
913 2929 1230 3003 supponat
1260 2942 1374 3004 pro
1410 2942 1682 3005 persona

115 3015 310 3076 Verbi
338 3013 619 3078 absolute
656 3021 720 3077 ει
748 3015 1097 3077 secundum
1128 3035 1218 3092 se,
1250 3036 1363 3079 seu
1387 3019 1684 3080 materia-

112 3111 288 3182 liter,
323 3115 392 3172 ut
440 3109 640 3188 aiunt,
690 3109 806 3172 sed
851 3109 1199 3174 formaliter
1244 3130 1362 3194 pro
1413 3131 1684 3194 persona

111 3204 494 3284 composita}
521 3209 594 3266 ut
619 3206 964 3286 composita
992 3209 1085 3267 est
1111 3196 1198 3270 ⁸ex
1223 3207 1431 3268 Verbo
1462 3213 1524 3270 et
1563 3205 1683 3269 bn-

109 3299 461 3378 manitate3
491 3318 616 3361 non
650 3305 744 3362 est
766 3301 978 3362 autem
1007 3300 1093 3362 ita
1123 3301 1290 3364 clare
1320 3320 1682 3382 repugnans

108 3391 271 3454 fidei
301 3391 639 3455 attribuere
663 3391 1028 3455 filiationem
1065 3393 1422 3474 adoptivam
1469 3414 1682 3475 perso-

109 3506 216 3548 nae
250 3487 615 3568 compositae
659 3493 728 3549 ut
773 3487 884 3560 sic,
935 3473 1474 3572 sicu‘t„att1:jbuere
1510 3489 1681 3548 illam

109 3599 409 3663 personae
437 3581 620 3645 Verbi
653 3581 1014 3664 simpliciter
1056 3570 1120 3646 et'
1155 3583 1462 3645 absolute.
1501 3583 1678 3645 Unde

109 3675 314 3736 etiam
365 3673 436 3736 fit
471 3675 662 3755 (quod
701 3677 975 3745 maxime
1001 3677 1081 3738 ad
1111 3686 1244 3738 rem
1275 3679 1548 3758 spectat),
1585 3682 1676 3752 ut,

109 3767 334 3830 addita
362 3768 906 3844 determinatione,
942 3769 1195 3851 negatio
1221 3761 1535 3832 filiationis
1565 3789 1681 3831 na-

111 3861 342 3924 turalis
379 3862 618 3924 inclusa
650 3863 718 3926 in
745 3862 1046 3925 filiatione
1079 3865 1376 3946 adoptiva
1417 3882 1548 3925 non
1583 3881 1680 3925 re-

111 3957 361 4018 feratur
377 3955 458 4020 ad
480 3974 818 4038 personam
832 3957 1054 4020 Christi
1077 3959 1140 4020 et
1153 3957 1345 4019 Verbi
1362 3955 1674 4034 absolute,

111 4051 236 4113 sed
266 4050 348 4112 ad
375 4069 710 4131 personam
737 4057 810 4113 nt
837 4041 1270 4132 compositam,
1303 4070 1415 4113 seu
1463 4055 1682 4132 quate-

111 4165 242 4210 nus
269 4145 374 4206 hic
399 4143 593 4208 homo
651 4148 789 4225 est3
843 4164 972 4208 non
1027 4151 1121 4210 est
1149 4152 1358 4208 autem
1410 4145 1489 4207 de
1528 4143 1676 4220 fide,

107 4240 431 4302 Christum
462 4243 529 4316 ut
549 4239 722 4302 hunc
747 4239 1069 4301 hominem
1095 4257 1233 4301 esse
1265 4237 1464 4300 filium
1499 4243 1681 4300 natu·

105 4335 344 4411 ralem‚
365 4337 437 4396 ιιι
462 4321 782 4398 ostensum
803 4341 930 4408 est;
963 4353 1116 4414 ergo
1147 4352 1357 4414 neque
1386 4333 1509 4401 alia
1537 4351 1684 4414 pro-

107 4427 345 4510 positio
386 4428 671 4492 tribuens
701 4429 946 4494 Christo
976 4427 1381 4510 adoptionem
1405 4445 1546 4488 cum
1575 4424 1682 4486 illa

109 4523 646 4588 determinatione
689 4525 1067 4604 potestesse
1097 4521 1389 4586 haeretica
1437 4522 1681 4584 ratione

109 4617 472 4698 negationis
498 4615 752 4682 inclusae
775 4632 796 4694 ;
825 4635 951 4680 non
997 4621 1092 4680 est
1118 4634 1267 4696 ergo
1315 4613 1540 4676 eadem
1582 4631 1682 4674 ra·

107 4715 204 4774 tio
237 4712 318 4774 de
345 4711 452 4773 illa
477 4712 908 4794 propositione
939 4709 1301 4791 simpliciter
1319 4709 1588 4795 prolata,
1621 4712 1682 4771 et

110 4825 264 4870 cum
287 4806 834 4870 determinatione.

197 4901 302 4964 41.
353 4897 681 4982 objectioni
701 4899 1113 4981 respondetur.
1132 4897 1433 4974 -niees,
1467 4899 1518 4960 si
1545 4898 1684 4960 haec

111 5013 271 5060 vera
297 5000 468 5072 sunt,
492 5011 621 5058 non
653 4993 856 5058 solum
882 4991 1179 5076 probare,
1202 4991 1376 5055 illam
1404 4992 1686 5074 proposi-

115 5091 360 5154 tionem
391 5106 520 5150 non
567 5106 708 5152 esse
757 5087 1152 5164 haereticam,
1185 5085 1293 5148 sed
1337 5085 1526 5148 etiam
1557 5105 1685 5147 non

116 5200 261 5245 esse
306 5179 809 5261 improbabilem,
856 5197 975 5244 nec
1025 5179 1236 5260 aliqua
1286 5196 1551 5241 censura
1597 5177 1688 5241 di·

117 5292 353 5358 gnam;
385 5273 434 5334 si
475 5273 642 5335 enim
686 5273 985 5338 damnata
1033 5293 1072 5336 a
1104 5271 1375 5337 Concilio
1421 5273 1691 5335 Franco-

117 5369 285 5432 ford.
314 5386 443 5428 non
474 5373 590 5445 est,
614 5366 902 5431 eamdem
930 5367 1435 5449 probabilitatem
1461 5367 1691 5430 retinet

123 5455 328 5542 quam'
372 5459 595 5522 habuit
641 5468 982 5542 antequam
1035 5460 1189 5523 illud
1240 5459 1584 5524 Concilium
1625 5461 1690 5522 in

3224 384 3340 444 517

1781 487 1979 550 altera
2008 487 2352 568 propositio
2401 487 2722 550 absoluta:
2768 485 3045 550 Christus
3090 495 3185 550 est
3222 491 3341 552 ad·-

1781 581 2048 660 optivus‚
2066 581 2451 662 probabilior
2468 581 2787 643 censenda
2810 581 2946 656 erit,
2966 583 3113 662 quia
3136 584 3343 646 solum

1779 674 2039 738 includit
2084 675 2486 756 negationem
2535 675 2855 737 filiationis
2895 677 3195 738 naturalis
3242 695 3344 740 se-

1779 769 2057 830 cundum
2113 775 2479 831 extraneam
2528 776 2851 844 naturam,
2898 785 3043 848 quae
3090 770 3341 850 negatio

1779 879 1907 925 non
1956 865 2298 943 repugnat,
2343 863 2471 923 imo
2508 863 2747 942 optime
2790 877 2931 924 esse
2962 866 3171 942 potest
3200 881 3344 926 cnm

1777 956 2079 1018 filiatione
2120 956 2391 1019 naturali
2422 957 2770 1018 secundum
2818 956 3005 1018 aliam
3048 963 3343 1020 naturam

1779 1050 2183 1112 intrinsecam
2240 1052 2303 1113 et
2356 1050 2701 1132 propriam.
2765 1049 3203 1129 Respondetur
3262 1049 3344 1111 ad

1775 1143 2051 1223 priorem
2074 1148 2341 1224 partem,
2365 1142 2860 1222 propositionem
2888 1141 3059 1204 illam
3084 1143 3195 1222 (ut
3222 1160 3341 1220 ego

1777 1236 2129 1316 existimo),
2176 1236 2367 1298 etiam
2412 1236 2659 1298 secluso
2704 1235 2990 1298 Francos.
3034 1234 3334 1309 Concilio,

1776 1347 2029 1409 semper
2048 1330 2075 1390 f
2077 1329 2239 1391 uisse
2262 1347 2487 1409 parum
2513 1342 2576 1392 et
2596 1329 2729 1392 fere
2748 1329 2902 1390 nihil
2920 1327 3335 1408 probabilem,

1779 1426 1950 1504 quia,
1996 1425 2140 1486 licet
2183 1441 2351 1486 unus
2379 1431 2488 1487 aut
2516 1425 2674 1487 alter
2702 1424 3167 1504 ‘theologorum
3200 1441 3340 1484 eam

1777 1518 2095 1594 docuerit,
2125 1519 2512 1600 reliquorum
2546 1518 2829 1579 omnium
2878 1524 2943 1580 et
2980 1515 3340 1598 graviorum

1776 1631 2124 1674 consensus
2142 1611 2232 1674 illi
2252 1613 2648 1695 repugnavit,
2664 1618 2922 1693 propter
2940 1612 3341 1691 gravissimas

1773 1707 2053 1770 rationes
2084 1725 2275 1786 snpra
2302 1713 2501 1770 tactas
2519 1729 2535 1782 ;
2561 1723 2711 1768 cum·
2736 1711 2948 1768 tamen
2979 1704 3191 1784 opinio
3218 1703 3341 1765 Du-

1775 1799 1955 1862 randi
1985 1799 2160 1861 nullo
2202 1801 2353 1863 satis
2390 1799 2702 1880 probabili
2742 1798 3049 1880 principio
3080 1799 3334 1873 nitatur,

1776 1893 1888 1955 sed
1911 1900 2022 1955 aut
2046 1895 2401 1956 necessario
2430 1899 2741 1974 supponat
2768 1892 3100 1963 Christum,
3134 1909 3201 1954 ut
3226 1889 3339 1952 ho-

1776 1986 2012 2049 minem
2035 2034 2050 2062 ,
2080 2005 2210 2049 non
2262 2005 2401 2049 esse
2450 1993 2701 2065 gratum
2736 1992 2797 2047 et
2840 1992 3124 2048 sanctum
3156 2003 3234 2047 ex
3276 1985 3339 2046 vi

1771 2081 2047 2153 unionis,
2071 2097 2277 2163 neque
2298 2081 2385 2142 illi
2412 2098 2550 2143 esse
2570 2081 3045 2142 connaturalem
3069 2079 3338 2160 gratiam

1773 2180 1836 2236 et
1853 2175 1960 2254 jus
1990 2175 2070 2236 ad
2096 2173 2385 2256 gloriam,
2412 2175 2513 2236 vel
2540 2180 2710 2237 certe
2741 2173 2907 2234 male
2936 2173 3211 2235 declaret
3238 2189 3337 2232 ra-

1771 2265 2009 2329 tionem
2041 2265 2397 2347 adoptionis
2417 2314 2438 2344 ,
2470 2285 2610 2347 quoe
2640 2285 2719 2328 ex
2762 2267 3151 2329 institutione
3198 2267 3337 2346 ejus

1771 2367 1835 2423 et
1861 2381 1981 2423 usu
2008 2362 2365 2441 sapientum
2398 2361 2709 2422 sumenda
2736 2367 2852 2423 est.
2896 2359 3077 2422 Addo
3106 2359 3334 2421 deinde

1767 2455 1938 2516 illam
1970 2454 2329 2535 opinionem
2357 2455 2489 2536 jam
2520 2471 2688 2514 nunc
2718 2471 2858 2516 esse
2889 2453 3079 2533 longe
3105 2454 3335 2532 impro-

1766 2548 2139 2611 babiliorem
2165 2567 2355 2630 quam
2380 2555 2589 2610 antea.
2617 2548 2823 2610 Primo
2852 2548 3132 2628 quidem,
3154 2547 3327 2627 quia,

1767 2644 1917 2705 licet
1943 2660 2070 2704 non
2096 2645 2357 2720 constet,
2380 2641 2747 2704 definitione
2764 2640 3019 2705 concilii
3043 2639 3327 2704 Francos.

1764 2753 1898 2800 esse
1929 2735 2315 2809 damnatam,
2337 2741 2552 2797 tamen
2576 2751 2706 2795 non
2737 2739 2833 2797 est
2853 2733 2975 2796 hoc
3006 2734 3167 2796 adeo
3194 2749 3334 2796 cer-

1762 2836 1929 2904 tum,
1965 2829 2117 2910 quin
2149 2827 2349 2911 possit
2377 2829 2587 2906 aliquo
2614 2827 2808 2889 modo
2836 2828 2903 2888 in
2942 2827 3205 2888 dubium
3234 2843 3332 2887 re-

1761 2921 2002 2996 vocari;
2039 2927 2103 2985 et
2130 2921 2354 2986 saltem
2398 2920 2601 2983 obiter
2642 2927 2887 2984 constat
2925 2921 3127 2982 multa
3156 2921 3220 2981 in
3252 2937 3329 2982 eo

1763 3013 2038 3082 Concilio
2068 3015 2221 3092 dici,
2254 3033 2331 3078 ex
2360 3014 2587 3096 quibus
2629 3015 3043 3077 vehementer
3067 3013 3173 3075 illa
3200 3014 3333 3094 opi-

1764 3112 1868 3172 nio
1898 3112 2323 3192 impugnatur.
2360 3109 2617 3173 Accedit
2644 3109 2814 3190 quod
2842 3108 2925 3172 ob
2956 3109 3154 3172 dictas
3184 3125 3330 3170 cau-

1765 3221 1904 3279 saS,
1936 3206 2000 3264 et
2038 3199 2184 3284 quia
2212 3201 2317 3263 illa
2371 3203 2605 3266 locutio
2638 3221 2766 3264 non
2814 3209 2910 3265 est
2960 3219 2997 3262 a
3042 3200 3327 3264 Patribus

1765 3298 2016 3372 usitata,
2032 3315 2238 3377 neque
2258 3296 2508 3360 illorum
2528 3296 2945 3358 locutionibus
2962 3294 3321 3368 conformiS,

1763 3390 1878 3453 sed
1905 3389 2109 3472 magis
2147 3389 2453 3452 accedens
2482 3389 2564 3450 ad
2591 3389 2849 3451 modum
2876 3388 3171 3468 loquendi
3197 3387 3327 3448 bse-

1761 3484 2123 3558 reticorum,
2145 3483 2224 3545 ab
2254 3483 2547 3546 omnibus
2575 3483 2897 3544 modernis
2920 3481 3324 3561 scriptoribus

1763 3586 1828 3642 et
1845 3577 2225 3650 doctioribus
2236 3577 2573 3658 Theologis
2596 3577 2903 3656 rejicitur.
2924 3575 3145 3638 Merito
3168 3591 3323 3654 ergo

1760 3673 1942 3736 valde
1985 3679 2315 3754 protervus
2355 3689 2429 3734 ac
2464 3671 2731 3734 fortasse
2772 3671 3145 3734 temerarius
3174 3684 3322 3731 cen-

1762 3769 1886 3831 seri
1915 3769 2176 3830 deberet
2194 3814 2210 3843 ‚
2243 3769 2352 3848 qui
2377 3786 2547 3831 nunc
2572 3765 2747 3828 illam
2794 3765 3073 3828 doceret.
3104 3765 3321 3844 Neque

1761 3863 1930 3924 enim
1962 3862 2166 3924 omnis
2190 3861 2429 3942 opini0,
2454 3879 2643 3942 quam
2666 3859 2860 3940 aliqui
2878 3859 3181 3938 Theologi
3210 3858 3325 3918 ali-

1761 3955 2014 4036 quando
2046 3956 2179 4018 sine
2207 3955 2563 4018 temeritate
2597 3955 2981 4028 docuerunt,
3005 3954 3072 4014 in
3098 3950 3323 4012 eodem

1763 4065 2014 4128 semper
2074 4049 2275 4129 gradu
2338 4048 2793 4129 probabilitatis
2851 4047 2952 4108 vel
3012 4043 3323 4125 opinionis

1761 4147 2146 4224 perseverat,
2170 4151 2240 4206 ut
2266 4162 2381 4226 per
2410 4161 2477 4206 se
2503 4150 2723 4206 notum
2754 4146 2871 4206 est.
2896 4141 2993 4204 Ad
3019 4139 3324 4222 posterio-

1763 4254 1898 4299 rem
1919 4241 2164 4316 partem
2184 4238 2626 4320 respondetur,
2641 4237 2813 4300 illam
2830 4235 3326 4316 propositionem

1765 4347 1909 4393 cum
1960 4329 2065 4391 illa
2104 4331 2647 4406 determinatione,
2688 4333 2757 4395 in
2797 4333 3085 4412 quantum
3127 4328 3321 4404 hamc,

1764 4442 1892 4486 non
1923 4443 2058 4487 esse
2094 4425 2317 4488 falsam
2360 4427 2563 4490 solum
2593 4426 2741 4506 quia
2776 4443 2852 4485 ex
2887 4423 2997 4485 illa
3023 4428 3327 4502 sequatur

1763 4517 1885 4579 alia
1911 4519 2202 4582 absoluta
2227 4527 2288 4584 et
2312 4521 2448 4583 sine
2469 4521 3021 4583 determinatione:
3044 4517 3323 4579 Christus

1763 4619 1856 4676 est
1880 4613 2047 4676 filius
2072 4615 2427 4696 adoptivus,
2450 4633 2597 4676 nam
2624 4631 2841 4676 revera
2866 4611 3228 4675 immediate
3254 4627 3327 4670 ac

1762 4706 2106 4770 formaliter
2136 4727 2263 4770 non
2298 4709 2581 4790 sequitur
2599 4754 2614 4782 ,
2647 4707 2934 4788 quamvis
2962 4705 3235 4767 mediate
3264 4705 3328 4764 et

1765 4801 2009 4862 ratione
2042 4802 2319 4864 materiae
2370 4803 2628 4866 tandem
2662 4801 2877 4863 inferri
2914 4797 3107 4880 possit
3142 4795 3327 4858 valde

1767 4894 2210 4977 probabiliter3
2246 4897 2358 4958 scd
2399 4903 2493 4959 est
2526 4895 2708 4968 falsa,
2739 4893 2885 4976 quia
2913 4891 3179 4954 includit
3218 4905 3331 4951 ne-

1767 4988 2084 5069 gationem
2110 4987 2429 5054 filiationis
2456 4987 2780 5062 naturalis,
2810 5004 2950 5066 quae
2974 4993 3185 5048 tamen
3212 4981 3332 5044 fal-

1767 5103 1837 5145 so
1885 5088 2157 5162 negatur
2199 5082 2279 5146 de
2308 5085 2544 5147 Christo
2564 5131 2584 5162 ,
2616 5083 2805 5144 etiam
2837 5083 2909 5143 ut
2948 5081 3228 5152 homine,
3260 5083 3333 5140 ut

1769 5196 1848 5240 ex
1891 5177 2270 5258 praecedenti
2312 5179 2589 5240 sectione
2634 5181 2897 5240 constat.
2928 5175 3087 5237 Item
3141 5172 3333 5234 etiam

1770 5272 1917 5351 quia
1955 5271 2238 5334 attribuit
2277 5269 2539 5346 Christe,
2582 5277 2654 5332 ut
2696 5269 2958 5343 bomini,
2988 5265 3334 5348 proprieta-

1768 5370 1898 5428 tem
1938 5370 2400 5446 repugnantem
2440 5362 2743 5426 ineffabili
2792 5361 3033 5436 unioni,
3068 5365 3130 5421 et
3169 5375 3336 5420 com-

1772 5458 2061 5540 positioni
2098 5458 2444 5520 secundum
2476 5457 2941 5518 subsistentiam
2978 5452 3339 5513 humanita-

123 5559 336 5626 lucem
369 5554 671 5641 prodiret.
705 5557 873 5633 lmo,
899 5557 950 5621 si
984 5575 1061 5618 ex
1101 5555 1205 5626 illa
1250 5573 1378 5618 non
1412 5556 1694 5638 sequitur
1772 5553 1853 5616 tis
1884 5551 1967 5614 ad
1996 5551 2297 5613 Verbum.
2330 5553 2606 5626 Tamen,
2640 5552 2785 5632 quia
2818 5547 2955 5610 haec
2977 5563 3340 5628 repugnan-
