<?xml version="1.0" encoding="UTF-8"?>
<!DOCTYPE html PUBLIC "-//W3C//DTD XHTML 1.0 Transitional//EN"
    "http://www.w3.org/TR/xhtml1/DTD/xhtml1-transitional.dtd">
<html xmlns="http://www.w3.org/1999/xhtml" xml:lang="en" lang="en">
 <head>
  <title>
</title>
<meta http-equiv="Content-Type" content="text/html;charset=utf-8" />
  <meta name='ocr-system' content='tesseract 3.04.00' />
  <meta name='ocr-capabilities' content='ocr_page ocr_carea ocr_par ocr_line ocrx_word'/>
</head>
<body>
  <div class='ocr_page' id='page_1' title='image "./rpfranciscisuar00unkngoog_0188.png"; bbox 0 0 3892 6167; ppageno 0'>
   <div class='ocr_carea' id='block_1_1' title="bbox 611 335 730 395">
    <p class='ocr_par' dir='ltr' id='par_1_1' title="bbox 611 335 730 395">
     <span class='ocr_line' id='line_1_1' title="bbox 611 335 730 395; baseline 0.017 -2"><span class='ocrx_word' id='word_1_1' title='bbox 611 335 730 395; x_wconf 83' lang='grc' dir='ltr'><strong>1Ἰο</strong></span> 
     </span>
    </p>
   </div>
   <div class='ocr_carea' id='block_1_2' title="bbox 1101 532 1663 599">
    <p class='ocr_par' dir='ltr' id='par_1_2' title="bbox 1101 532 1663 599">
     <span class='ocr_line' id='line_1_2' title="bbox 1101 532 1663 599; baseline -0.004 -1"><span class='ocrx_word' id='word_1_2' title='bbox 1101 533 1522 599; x_wconf 82' lang='lat' dir='ltr'><strong>ARTICULUS</strong></span> <span class='ocrx_word' id='word_1_3' title='bbox 1561 532 1663 596; x_wconf 84' lang='lat' dir='ltr'><strong><em>IV.</em></strong></span> 
     </span>
    </p>
   </div>
   <div class='ocr_carea' id='block_1_3' title="bbox 621 720 2170 883">
    <p class='ocr_par' dir='ltr' id='par_1_3' title="bbox 621 720 2170 883">
     <span class='ocr_line' id='line_1_3' title="bbox 621 720 2170 806; baseline 0 -19"><span class='ocrx_word' id='word_1_4' title='bbox 621 722 850 789; x_wconf 85' lang='lat' dir='ltr'><strong><em>Utrum</em></strong></span> <span class='ocrx_word' id='word_1_5' title='bbox 879 720 1164 785; x_wconf 71' lang='lat' dir='ltr'><strong><em>Christus</em></strong></span> <span class='ocrx_word' id='word_1_6' title='bbox 1192 740 1388 787; x_wconf 86' lang='lat' dir='ltr'><strong><em>omnes</em></strong></span> <span class='ocrx_word' id='word_1_7' title='bbox 1415 723 1678 802; x_wconf 84' lang='lat' dir='ltr'><strong><em>desectus</em></strong></span> <span class='ocrx_word' id='word_1_8' title='bbox 1701 722 2045 806; x_wconf 86' lang='lat' dir='ltr'><strong><em>corporales</em></strong></span> <span class='ocrx_word' id='word_1_9' title='bbox 2068 724 2170 787; x_wconf 76' lang='lat' dir='ltr'><strong><em>bo·</em></strong></span> 
     </span>
     <span class='ocr_line' id='line_1_4' title="bbox 927 816 1848 883; baseline 0.002 -6"><span class='ocrx_word' id='word_1_10' title='bbox 927 817 1162 880; x_wconf 84' lang='lat' dir='ltr'><strong><em>minum</em></strong></span> <span class='ocrx_word' id='word_1_11' title='bbox 1189 834 1488 883; x_wconf 79' lang='lat' dir='ltr'><strong><em>assmnere</em></strong></span> <span class='ocrx_word' id='word_1_12' title='bbox 1511 816 1778 883; x_wconf 80' lang='lat' dir='ltr'><strong><em>debuerit</em></strong></span> <span class='ocrx_word' id='word_1_13' title='bbox 1805 816 1848 879; x_wconf 87' lang='lat'><strong><em>¹.</em></strong></span> 
     </span>
    </p>
   </div>
   <div class='ocr_carea' id='block_1_4' title="bbox 587 1006 2171 4565">
    <p class='ocr_par' dir='ltr' id='par_1_4' title="bbox 605 1006 2171 1638">
     <span class='ocr_line' id='line_1_5' title="bbox 690 1006 2167 1089; baseline -0.001 -20"><span class='ocrx_word' id='word_1_14' title='bbox 690 1011 746 1069; x_wconf 88' lang='grc'><strong>1.</strong></span> <span class='ocrx_word' id='word_1_15' title='bbox 801 1006 910 1069; x_wconf 84' lang='lat' dir='ltr'><strong><em>Ad</em></strong></span> <span class='ocrx_word' id='word_1_16' title='bbox 961 1012 1248 1087; x_wconf 81' lang='lat' dir='ltr'><strong><em>quartum</em></strong></span> <span class='ocrx_word' id='word_1_17' title='bbox 1307 1008 1397 1073; x_wconf 86' lang='lat' dir='ltr'><strong><em>sic</em></strong></span> <span class='ocrx_word' id='word_1_18' title='bbox 1451 1007 1822 1089; x_wconf 70' lang='lat' dir='ltr'><strong><em>proceditur.</em></strong></span> <span class='ocrx_word' id='word_1_19' title='bbox 1907 1006 2167 1075; x_wconf 81' lang='lat' dir='ltr'><strong><em>Videtur</em></strong></span> 
     </span>
     <span class='ocr_line' id='line_1_6' title="bbox 606 1101 2170 1185; baseline 0.001 -20"><span class='ocrx_word' id='word_1_20' title='bbox 606 1104 768 1181; x_wconf 82' lang='lat' dir='ltr'><strong><em>quod</em></strong></span> <span class='ocrx_word' id='word_1_21' title='bbox 795 1102 1077 1167; x_wconf 71' lang='lat' dir='ltr'><strong><em>Christus</em></strong></span> <span class='ocrx_word' id='word_1_22' title='bbox 1101 1120 1298 1165; x_wconf 87' lang='lat' dir='ltr'><strong><em>omnes</em></strong></span> <span class='ocrx_word' id='word_1_23' title='bbox 1323 1104 1592 1183; x_wconf 72' lang='lat' dir='ltr'><strong><em>defectus</em></strong></span> <span class='ocrx_word' id='word_1_24' title='bbox 1610 1101 1955 1185; x_wconf 73' lang='lat' dir='ltr'><em>corporales</em></span> <span class='ocrx_word' id='word_1_25' title='bbox 1982 1102 2170 1167; x_wconf 72' lang='lat' dir='ltr'><strong><em>homi-</em></strong></span> 
     </span>
     <span class='ocr_line' id='line_1_7' title="bbox 607 1196 2170 1263; baseline -0.001 -2"><span class='ocrx_word' id='word_1_26' title='bbox 607 1215 754 1261; x_wconf 84' lang='lat' dir='ltr'><strong><em>uum</em></strong></span> <span class='ocrx_word' id='word_1_27' title='bbox 795 1215 1096 1261; x_wconf 85' lang='lat' dir='ltr'><strong><em>assumere</em></strong></span> <span class='ocrx_word' id='word_1_28' title='bbox 1133 1197 1420 1263; x_wconf 75' lang='lat' dir='ltr'><strong><em>debuerit.</em></strong></span> <span class='ocrx_word' id='word_1_29' title='bbox 1473 1198 1650 1263; x_wconf 86' lang='lat' dir='ltr'><strong><em>Dicit</em></strong></span> <span class='ocrx_word' id='word_1_30' title='bbox 1698 1197 1856 1261; x_wconf 86' lang='lat' dir='ltr'><strong><em>enim</em></strong></span> <span class='ocrx_word' id='word_1_31' title='bbox 1895 1196 2170 1259; x_wconf 86' lang='lat' dir='ltr'><strong><em>Damas-</em></strong></span> 
     </span>
     <span class='ocr_line' id='line_1_8' title="bbox 607 1288 2162 1372; baseline -0.001 -17"><span class='ocrx_word' id='word_1_32' title='bbox 607 1309 728 1355; x_wconf 86' lang='lat' dir='ltr'><strong><em>cen.</em></strong></span> <span class='ocrx_word' id='word_1_33' title='bbox 758 1289 784 1331; x_wconf 80' lang='lat'>²</span> <span class='ocrx_word' id='word_1_34' title='bbox 807 1310 820 1353; x_wconf 92' lang='lat'><strong>:</strong></span> <span class='ocrx_word' id='word_1_35' title='bbox 858 1291 1030 1368; x_wconf 74' lang='lat' dir='ltr'><strong><em>Quod</em></strong></span> <span class='ocrx_word' id='word_1_36' title='bbox 1051 1296 1138 1356; x_wconf 89' lang='lat' dir='ltr'><strong><em>est</em></strong></span> <span class='ocrx_word' id='word_1_37' title='bbox 1159 1290 1664 1372; x_wconf 68' lang='lat' dir='ltr'><strong><em>inassumptibile,</em></strong></span> <span class='ocrx_word' id='word_1_38' title='bbox 1697 1294 1786 1353; x_wconf 88' lang='lat' dir='ltr'><strong><em>est</em></strong></span> <span class='ocrx_word' id='word_1_39' title='bbox 1805 1288 2162 1353; x_wconf 73' lang='lat' dir='ltr'><strong><em>incurabile.</em></strong></span> 
     </span>
     <span class='ocr_line' id='line_1_9' title="bbox 605 1383 2171 1464; baseline -0.003 -15"><span class='ocrx_word' id='word_1_40' title='bbox 605 1383 740 1449; x_wconf 78' lang='lat' dir='ltr'><strong><em>Sed</em></strong></span> <span class='ocrx_word' id='word_1_41' title='bbox 783 1385 1066 1451; x_wconf 73' lang='lat' dir='ltr'><strong><em>Christ-us</em></strong></span> <span class='ocrx_word' id='word_1_42' title='bbox 1107 1390 1354 1449; x_wconf 78' lang='lat' dir='ltr'><strong><em>venerat</em></strong></span> <span class='ocrx_word' id='word_1_43' title='bbox 1400 1404 1598 1448; x_wconf 84' lang='lat' dir='ltr'><strong><em>omnes</em></strong></span> <span class='ocrx_word' id='word_1_44' title='bbox 1639 1388 1904 1464; x_wconf 83' lang='lat' dir='ltr'><strong><em>desectus</em></strong></span> <span class='ocrx_word' id='word_1_45' title='bbox 1935 1387 2171 1446; x_wconf 86' lang='lat' dir='ltr'><strong><em>nostros</em></strong></span> 
     </span>
     <span class='ocr_line' id='line_1_10' title="bbox 606 1480 2169 1564; baseline 0 -23"><span class='ocrx_word' id='word_1_46' title='bbox 606 1497 838 1545; x_wconf 86' lang='lat' dir='ltr'><strong><em>curare.</em></strong></span> <span class='ocrx_word' id='word_1_47' title='bbox 889 1480 1066 1564; x_wconf 72' lang='lat' dir='ltr'><strong><em>Eryo</em></strong></span> <span class='ocrx_word' id='word_1_48' title='bbox 1091 1496 1289 1545; x_wconf 82' lang='lat' dir='ltr'><strong><em>omncs</em></strong></span> <span class='ocrx_word' id='word_1_49' title='bbox 1315 1480 1584 1561; x_wconf 81' lang='lat' dir='ltr'><strong><em>desectus</em></strong></span> <span class='ocrx_word' id='word_1_50' title='bbox 1609 1483 1844 1543; x_wconf 86' lang='lat' dir='ltr'><strong><em>nostros</em></strong></span> <span class='ocrx_word' id='word_1_51' title='bbox 1869 1494 2169 1543; x_wconf 61' lang='lat' dir='ltr'><strong><em>assumere</em></strong></span> 
     </span>
     <span class='ocr_line' id='line_1_11' title="bbox 607 1575 827 1638; baseline 0.009 -2"><span class='ocrx_word' id='word_1_52' title='bbox 607 1575 827 1638; x_wconf 79' lang='lat' dir='ltr'><strong><em>debuit.</em></strong></span> 
     </span>
    </p>

    <p class='ocr_par' dir='ltr' id='par_1_5' title="bbox 592 1666 2168 2217">
     <span class='ocr_line' id='line_1_12' title="bbox 687 1666 2168 1747; baseline -0.001 -16"><span class='ocrx_word' id='word_1_53' title='bbox 687 1674 743 1731; x_wconf 73' lang='lat'><strong><em>2.</em></strong></span> <span class='ocrx_word' id='word_1_54' title='bbox 791 1668 1128 1747; x_wconf 84' lang='lat' dir='ltr'><strong><em>Proeterea,</em></strong></span> <span class='ocrx_word' id='word_1_55' title='bbox 1161 1672 1392 1735; x_wconf 85' lang='lat' dir='ltr'><strong><em>dictum</em></strong></span> <span class='ocrx_word' id='word_1_56' title='bbox 1415 1671 1502 1731; x_wconf 86' lang='lat' dir='ltr'><strong><em>est</em></strong></span> <span class='ocrx_word' id='word_1_57' title='bbox 1522 1668 1545 1708; x_wconf 80' lang='lat'>³</span> <span class='ocrx_word' id='word_1_58' title='bbox 1569 1670 1730 1747; x_wconf 79' lang='lat' dir='ltr'><strong><em>quod</em></strong></span> <span class='ocrx_word' id='word_1_59' title='bbox 1753 1668 1836 1731; x_wconf 89' lang='lat' dir='ltr'><strong><em>ad</em></strong></span> <span class='ocrx_word' id='word_1_60' title='bbox 1855 1668 1983 1742; x_wconf 80' lang='lat' dir='ltr'><strong><em>boc,</em></strong></span> <span class='ocrx_word' id='word_1_61' title='bbox 2007 1666 2168 1744; x_wconf 79' lang='lat' dir='ltr'><strong><em>quod</em></strong></span> 
     </span>
     <span class='ocr_line' id='line_1_13' title="bbox 611 1761 2167 1844; baseline -0.004 -17"><span class='ocrx_word' id='word_1_62' title='bbox 611 1762 894 1827; x_wconf 77' lang='lat' dir='ltr'><strong><em>Christus</em></strong></span> <span class='ocrx_word' id='word_1_63' title='bbox 910 1782 1030 1844; x_wconf 89' lang='lat' dir='ltr'><strong><em>pro</em></strong></span> <span class='ocrx_word' id='word_1_64' title='bbox 1055 1764 1222 1827; x_wconf 87' lang='lat' dir='ltr'><strong><em>nobis</em></strong></span> <span class='ocrx_word' id='word_1_65' title='bbox 1248 1762 1630 1842; x_wconf 70' lang='lat' dir='ltr'><strong><em>satisfaceret</em></strong></span> <span class='ocrx_word' id='word_1_66' title='bbox 1657 1810 1669 1837; x_wconf 91' lang='lat'>,</span> <span class='ocrx_word' id='word_1_67' title='bbox 1717 1761 1919 1825; x_wconf 87' lang='lat' dir='ltr'><strong><em>debuit</em></strong></span> <span class='ocrx_word' id='word_1_68' title='bbox 1952 1761 2167 1823; x_wconf 72' lang='lat' dir='ltr'><strong><em>babere</em></strong></span> 
     </span>
     <span class='ocr_line' id='line_1_14' title="bbox 605 1854 2168 1938; baseline -0.002 -21"><span class='ocrx_word' id='word_1_69' title='bbox 605 1856 848 1919; x_wconf 74' lang='lat' dir='ltr'><strong><em>habitus</em></strong></span> <span class='ocrx_word' id='word_1_70' title='bbox 880 1858 1250 1938; x_wconf 73' lang='lat' dir='ltr'><strong><em>perfectivas</em></strong></span> <span class='ocrx_word' id='word_1_71' title='bbox 1290 1858 1358 1919; x_wconf 85' lang='lat' dir='ltr'><strong><em>in</em></strong></span> <span class='ocrx_word' id='word_1_72' title='bbox 1407 1857 1637 1929; x_wconf 85' lang='lat' dir='ltr'><strong><em>anima,</em></strong></span> <span class='ocrx_word' id='word_1_73' title='bbox 1685 1859 1744 1918; x_wconf 90' lang='lat' dir='ltr'><strong><em>et</em></strong></span> <span class='ocrx_word' id='word_1_74' title='bbox 1795 1856 2060 1934; x_wconf 74' lang='lat' dir='ltr'><strong><em>defectus</em></strong></span> <span class='ocrx_word' id='word_1_75' title='bbox 2098 1854 2168 1915; x_wconf 84' lang='lat' dir='ltr'><strong><em>in</em></strong></span> 
     </span>
     <span class='ocr_line' id='line_1_15' title="bbox 605 1948 2165 2031; baseline -0.003 -18"><span class='ocrx_word' id='word_1_76' title='bbox 605 1966 866 2029; x_wconf 90' lang='lat' dir='ltr'><strong><em>corpore.</em></strong></span> <span class='ocrx_word' id='word_1_77' title='bbox 903 1950 1032 2015; x_wconf 78' lang='lat' dir='ltr'><strong><em>Sed</em></strong></span> <span class='ocrx_word' id='word_1_78' title='bbox 1063 1950 1346 2015; x_wconf 72' lang='lat' dir='ltr'><strong><em>Christus</em></strong></span> <span class='ocrx_word' id='word_1_79' title='bbox 1373 1968 1445 2013; x_wconf 63' lang='lat' dir='ltr'><strong><em>ee)</em></strong></span> <span class='ocrx_word' id='word_1_80' title='bbox 1463 1953 1648 2031; x_wconf 86' lang='lat' dir='ltr'><strong><em>parte</em></strong></span> <span class='ocrx_word' id='word_1_81' title='bbox 1675 1948 1896 2011; x_wconf 79' lang='lat' dir='ltr'><strong><em>animes</em></strong></span> <span class='ocrx_word' id='word_1_82' title='bbox 1924 1964 2165 2011; x_wconf 69' lang='lat' dir='ltr'><strong><em>assuru—</em></strong></span> 
     </span>
     <span class='ocr_line' id='line_1_16' title="bbox 592 2042 2165 2126; baseline -0.001 -21"><span class='ocrx_word' id='word_1_83' title='bbox 592 2043 727 2125; x_wconf 82' lang='lat' dir='ltr'><strong><em>psit</em></strong></span> <span class='ocrx_word' id='word_1_84' title='bbox 749 2042 1196 2123; x_wconf 73' lang='lat' dir='ltr'><strong><em>plenitudinem</em></strong></span> <span class='ocrx_word' id='word_1_85' title='bbox 1215 2044 1404 2109; x_wconf 87' lang='lat' dir='ltr'><strong><em>omnis</em></strong></span> <span class='ocrx_word' id='word_1_86' title='bbox 1429 2044 1672 2126; x_wconf 69' lang='lat' dir='ltr'><strong><em>qratioe.</em></strong></span> <span class='ocrx_word' id='word_1_87' title='bbox 1695 2042 1874 2123; x_wconf 69' lang='lat' dir='ltr'><strong><em>Erpo</em></strong></span> <span class='ocrx_word' id='word_1_88' title='bbox 1894 2060 1968 2104; x_wconf 70' lang='lat' dir='ltr'><strong><em>em</em></strong></span> <span class='ocrx_word' id='word_1_89' title='bbox 1978 2045 2165 2121; x_wconf 85' lang='lat' dir='ltr'><strong><em>parte</em></strong></span> 
     </span>
     <span class='ocr_line' id='line_1_17' title="bbox 605 2137 1965 2217; baseline -0.001 -18"><span class='ocrx_word' id='word_1_90' title='bbox 605 2137 874 2216; x_wconf 87' lang='lat' dir='ltr'><strong><em>corporis</em></strong></span> <span class='ocrx_word' id='word_1_91' title='bbox 905 2140 1107 2203; x_wconf 82' lang='lat' dir='ltr'><strong><em>debuit</em></strong></span> <span class='ocrx_word' id='word_1_92' title='bbox 1131 2157 1428 2203; x_wconf 89' lang='lat' dir='ltr'><strong><em>assumere</em></strong></span> <span class='ocrx_word' id='word_1_93' title='bbox 1455 2155 1652 2201; x_wconf 84' lang='lat' dir='ltr'><strong><em>omnes</em></strong></span> <span class='ocrx_word' id='word_1_94' title='bbox 1681 2138 1965 2217; x_wconf 84' lang='lat' dir='ltr'><strong><em>defectus.</em></strong></span> 
     </span>
    </p>

    <p class='ocr_par' dir='ltr' id='par_1_6' title="bbox 587 2226 2167 2601">
     <span class='ocr_line' id='line_1_18' title="bbox 695 2226 2161 2311; baseline 0 -18"><span class='ocrx_word' id='word_1_95' title='bbox 695 2232 753 2295; x_wconf 66' lang='lat'><strong><em>3.</em></strong></span> <span class='ocrx_word' id='word_1_96' title='bbox 779 2226 1094 2299; x_wconf 83' lang='lat' dir='ltr'><strong><em>Proeterca</em></strong></span> <span class='ocrx_word' id='word_1_97' title='bbox 1112 2233 1275 2297; x_wconf 87' lang='lat' dir='ltr'><strong><em>inter</em></strong></span> <span class='ocrx_word' id='word_1_98' title='bbox 1295 2250 1494 2295; x_wconf 87' lang='lat' dir='ltr'><strong><em>omnes</em></strong></span> <span class='ocrx_word' id='word_1_99' title='bbox 1511 2232 1774 2311; x_wconf 79' lang='lat' dir='ltr'><strong><em>desectus</em></strong></span> <span class='ocrx_word' id='word_1_100' title='bbox 1797 2228 2161 2310; x_wconf 87' lang='lat' dir='ltr'><strong><em>corporales,</em></strong></span> 
     </span>
     <span class='ocr_line' id='line_1_19' title="bbox 587 2323 2167 2415; baseline -0.005 -20"><span class='ocrx_word' id='word_1_101' title='bbox 587 2332 972 2415; x_wconf 82' lang='lat' dir='ltr'><strong><em>proecipuum</em></strong></span> <span class='ocrx_word' id='word_1_102' title='bbox 1020 2328 1212 2393; x_wconf 87' lang='lat' dir='ltr'><strong><em>locum</em></strong></span> <span class='ocrx_word' id='word_1_103' title='bbox 1257 2331 1419 2391; x_wconf 88' lang='lat' dir='ltr'><strong><em>tenet</em></strong></span> <span class='ocrx_word' id='word_1_104' title='bbox 1470 2343 1650 2390; x_wconf 87' lang='lat' dir='ltr'><strong><em>mors.</em></strong></span> <span class='ocrx_word' id='word_1_105' title='bbox 1702 2323 1835 2389; x_wconf 78' lang='lat' dir='ltr'><strong><em>Sed</em></strong></span> <span class='ocrx_word' id='word_1_106' title='bbox 1879 2323 2167 2387; x_wconf 69' lang='lat' dir='ltr'><strong><em>Christus</em></strong></span> 
     </span>
     <span class='ocr_line' id='line_1_20' title="bbox 597 2420 2167 2505; baseline -0.004 -16"><span class='ocrx_word' id='word_1_107' title='bbox 597 2432 852 2489; x_wconf 86' lang='lat' dir='ltr'><strong><em>mortem</em></strong></span> <span class='ocrx_word' id='word_1_108' title='bbox 895 2422 1238 2505; x_wconf 73' lang='lat' dir='ltr'><strong><em>assmpsit.</em></strong></span> <span class='ocrx_word' id='word_1_109' title='bbox 1288 2422 1465 2504; x_wconf 70' lang='lat' dir='ltr'><strong><em>Eryo</em></strong></span> <span class='ocrx_word' id='word_1_110' title='bbox 1505 2421 1698 2485; x_wconf 86' lang='lat' dir='ltr'><strong><em>multo</em></strong></span> <span class='ocrx_word' id='word_1_111' title='bbox 1738 2420 1940 2502; x_wconf 70' lang='lat' dir='ltr'><strong><em>mayis</em></strong></span> <span class='ocrx_word' id='word_1_112' title='bbox 1971 2437 2167 2483; x_wconf 89' lang='lat' dir='ltr'><strong><em>omnes</em></strong></span> 
     </span>
     <span class='ocr_line' id='line_1_21' title="bbox 597 2514 1634 2601; baseline -0.005 -17"><span class='ocrx_word' id='word_1_113' title='bbox 597 2521 756 2585; x_wconf 88' lang='lat' dir='ltr'><strong><em>alios</em></strong></span> <span class='ocrx_word' id='word_1_114' title='bbox 785 2520 1052 2601; x_wconf 72' lang='lat' dir='ltr'><strong><em>desectus</em></strong></span> <span class='ocrx_word' id='word_1_115' title='bbox 1080 2536 1382 2581; x_wconf 87' lang='lat' dir='ltr'><strong><em>assumere</em></strong></span> <span class='ocrx_word' id='word_1_116' title='bbox 1411 2514 1634 2581; x_wconf 84' lang='lat' dir='ltr'><strong><em>debuit.</em></strong></span> 
     </span>
    </p>

    <p class='ocr_par' dir='ltr' id='par_1_7' title="bbox 587 2610 2168 3148">
     <span class='ocr_line' id='line_1_22' title="bbox 677 2610 2168 2690; baseline -0.006 -11"><span class='ocrx_word' id='word_1_117' title='bbox 677 2613 816 2679; x_wconf 76' lang='lat' dir='ltr'><strong><em>Sed</em></strong></span> <span class='ocrx_word' id='word_1_118' title='bbox 853 2618 1063 2677; x_wconf 86' lang='lat' dir='ltr'><strong><em>contra</em></strong></span> <span class='ocrx_word' id='word_1_119' title='bbox 1100 2620 1210 2687; x_wconf 84' lang='lat' dir='ltr'><strong><em>est,</em></strong></span> <span class='ocrx_word' id='word_1_120' title='bbox 1239 2612 1396 2690; x_wconf 84' lang='lat' dir='ltr'><strong><em>quod</em></strong></span> <span class='ocrx_word' id='word_1_121' title='bbox 1421 2610 1732 2677; x_wconf 85' lang='lat' dir='ltr'><strong><em>contraria</em></strong></span> <span class='ocrx_word' id='word_1_122' title='bbox 1769 2626 1889 2671; x_wconf 83' lang='lat' dir='ltr'><strong><em>non</em></strong></span> <span class='ocrx_word' id='word_1_123' title='bbox 1910 2612 2168 2689; x_wconf 81' lang='lat' dir='ltr'><strong><em>possunt</em></strong></span> 
     </span>
     <span class='ocr_line' id='line_1_23' title="bbox 595 2702 2165 2785; baseline -0.003 -14"><span class='ocrx_word' id='word_1_124' title='bbox 595 2708 783 2771; x_wconf 84' lang='lat' dir='ltr'><strong><em>simul</em></strong></span> <span class='ocrx_word' id='word_1_125' title='bbox 810 2708 953 2785; x_wconf 82' lang='lat' dir='ltr'><strong><em>fieri</em></strong></span> <span class='ocrx_word' id='word_1_126' title='bbox 975 2707 1044 2768; x_wconf 87' lang='lat' dir='ltr'><strong><em>in</em></strong></span> <span class='ocrx_word' id='word_1_127' title='bbox 1066 2706 1281 2769; x_wconf 85' lang='lat' dir='ltr'><strong><em>eodem.</em></strong></span> <span class='ocrx_word' id='word_1_128' title='bbox 1317 2702 1448 2767; x_wconf 81' lang='lat' dir='ltr'><strong><em>Sed</em></strong></span> <span class='ocrx_word' id='word_1_129' title='bbox 1463 2704 1744 2782; x_wconf 83' lang='lat' dir='ltr'><strong><em>quoedam</em></strong></span> <span class='ocrx_word' id='word_1_130' title='bbox 1760 2702 2165 2779; x_wconf 75' lang='lat' dir='ltr'><strong><em>infirmitates</em></strong></span> 
     </span>
     <span class='ocr_line' id='line_1_24' title="bbox 597 2796 2165 2880; baseline -0.004 -13"><span class='ocrx_word' id='word_1_131' title='bbox 597 2806 742 2867; x_wconf 85' lang='lat' dir='ltr'><strong><em>sunt</em></strong></span> <span class='ocrx_word' id='word_1_132' title='bbox 773 2802 891 2865; x_wconf 87' lang='lat' dir='ltr'><strong><em>sibi</em></strong></span> <span class='ocrx_word' id='word_1_133' title='bbox 920 2799 1074 2880; x_wconf 70' lang='lat' dir='ltr'><strong><em>ipsis</em></strong></span> <span class='ocrx_word' id='word_1_134' title='bbox 1113 2798 1459 2871; x_wconf 72' lang='lat' dir='ltr'><strong><em>contraria»,</em></strong></span> <span class='ocrx_word' id='word_1_135' title='bbox 1494 2802 1700 2878; x_wconf 82' lang='lat' dir='ltr'><strong><em>utpote</em></strong></span> <span class='ocrx_word' id='word_1_136' title='bbox 1733 2814 1806 2861; x_wconf 72' lang='lat' dir='ltr'><strong><em>em</em></strong></span> <span class='ocrx_word' id='word_1_137' title='bbox 1833 2796 2165 2860; x_wconf 71' lang='lat' dir='ltr'><strong><em>contrariis</em></strong></span> 
     </span>
     <span class='ocr_line' id='line_1_25' title="bbox 587 2892 2165 2977; baseline -0.003 -18"><span class='ocrx_word' id='word_1_138' title='bbox 587 2896 923 2977; x_wconf 68' lang='lat' dir='ltr'><strong><em>principiis</em></strong></span> <span class='ocrx_word' id='word_1_139' title='bbox 949 2898 1234 2957; x_wconf 82' lang='lat' dir='ltr'><strong><em>causatce.</em></strong></span> <span class='ocrx_word' id='word_1_140' title='bbox 1283 2892 1460 2975; x_wconf 68' lang='lat' dir='ltr'><strong><em>Erpo</em></strong></span> <span class='ocrx_word' id='word_1_141' title='bbox 1486 2910 1606 2955; x_wconf 84' lang='lat' dir='ltr'><strong><em>non</em></strong></span> <span class='ocrx_word' id='word_1_142' title='bbox 1631 2892 1832 2973; x_wconf 85' lang='lat' dir='ltr'><strong><em>potuit</em></strong></span> <span class='ocrx_word' id='word_1_143' title='bbox 1859 2909 1983 2955; x_wconf 89' lang='lat' dir='ltr'><strong><em>esse</em></strong></span> <span class='ocrx_word' id='word_1_144' title='bbox 2005 2892 2165 2972; x_wconf 83' lang='lat' dir='ltr'><strong><em>quod</em></strong></span> 
     </span>
     <span class='ocr_line' id='line_1_26' title="bbox 602 2986 2161 3065; baseline -0.003 -13"><span class='ocrx_word' id='word_1_145' title='bbox 602 2988 888 3053; x_wconf 73' lang='lat' dir='ltr'><strong><em>Christus</em></strong></span> <span class='ocrx_word' id='word_1_146' title='bbox 935 3006 1130 3051; x_wconf 87' lang='lat' dir='ltr'><strong><em>omnes</em></strong></span> <span class='ocrx_word' id='word_1_147' title='bbox 1182 2986 1584 3065; x_wconf 80' lang='lat' dir='ltr'><strong><em>infirmitates</em></strong></span> <span class='ocrx_word' id='word_1_148' title='bbox 1639 2988 1942 3051; x_wconf 69' lang='lat' dir='ltr'><strong><em>humanas</em></strong></span> <span class='ocrx_word' id='word_1_149' title='bbox 1983 3004 2161 3050; x_wconf 85' lang='lat' dir='ltr'><strong><em>assu-</em></strong></span> 
     </span>
     <span class='ocr_line' id='line_1_27' title="bbox 596 3089 802 3148; baseline 0.015 -3"><span class='ocrx_word' id='word_1_150' title='bbox 596 3089 802 3148; x_wconf 87' lang='lat' dir='ltr'><strong><em>meret.</em></strong></span> 
     </span>
    </p>

    <p class='ocr_par' dir='ltr' id='par_1_8' title="bbox 593 3173 2167 4565">
     <span class='ocr_line' id='line_1_28' title="bbox 677 3173 2155 3259; baseline -0.003 -16"><span class='ocrx_word' id='word_1_151' title='bbox 677 3177 1014 3259; x_wconf 79' lang='lat' dir='ltr'><strong><em>Respondeo</em></strong></span> <span class='ocrx_word' id='word_1_152' title='bbox 1039 3174 1351 3240; x_wconf 80' lang='lat' dir='ltr'><strong><em>dicendum</em></strong></span> <span class='ocrx_word' id='word_1_153' title='bbox 1375 3175 1548 3257; x_wconf 84' lang='lat' dir='ltr'><strong><em>quod,</em></strong></span> <span class='ocrx_word' id='word_1_154' title='bbox 1579 3173 1738 3239; x_wconf 87' lang='lat' dir='ltr'><strong><em>sicut</em></strong></span> <span class='ocrx_word' id='word_1_155' title='bbox 1756 3174 1985 3240; x_wconf 88' lang='lat' dir='ltr'><strong><em>dictum</em></strong></span> <span class='ocrx_word' id='word_1_156' title='bbox 2005 3182 2093 3240; x_wconf 87' lang='lat' dir='ltr'><strong><em>est</em></strong></span> <span class='ocrx_word' id='word_1_157' title='bbox 2106 3174 2155 3252; x_wconf 90' lang='lat'><strong><em>⁴,</em></strong></span> 
     </span>
     <span class='ocr_line' id='line_1_29' title="bbox 601 3268 2160 3349; baseline -0.001 -13"><span class='ocrx_word' id='word_1_158' title='bbox 601 3270 884 3336; x_wconf 71' lang='lat' dir='ltr'><strong><em>Christus</em></strong></span> <span class='ocrx_word' id='word_1_159' title='bbox 902 3272 1166 3349; x_wconf 81' lang='lat' dir='ltr'><strong><em>defectus</em></strong></span> <span class='ocrx_word' id='word_1_160' title='bbox 1189 3270 1482 3335; x_wconf 74' lang='lat' dir='ltr'><strong><em>humanos</em></strong></span> <span class='ocrx_word' id='word_1_161' title='bbox 1501 3268 1860 3349; x_wconf 79' lang='lat' dir='ltr'><strong><em>assumpsit,</em></strong></span> <span class='ocrx_word' id='word_1_162' title='bbox 1881 3270 1965 3333; x_wconf 87' lang='lat' dir='ltr'><strong><em>ad</em></strong></span> <span class='ocrx_word' id='word_1_163' title='bbox 1979 3269 2160 3334; x_wconf 89' lang='lat' dir='ltr'><strong><em>satis-</em></strong></span> 
     </span>
     <span class='ocr_line' id='line_1_30' title="bbox 593 3362 2167 3451; baseline -0.003 -20"><span class='ocrx_word' id='word_1_164' title='bbox 593 3363 926 3451; x_wconf 78' lang='lat' dir='ltr'><strong><em>faciendum</em></strong></span> <span class='ocrx_word' id='word_1_165' title='bbox 938 3382 1050 3445; x_wconf 88' lang='lat' dir='ltr'><strong><em>pro</em></strong></span> <span class='ocrx_word' id='word_1_166' title='bbox 1061 3368 1298 3447; x_wconf 88' lang='lat' dir='ltr'><strong><em>peccato</em></strong></span> <span class='ocrx_word' id='word_1_167' title='bbox 1319 3362 1596 3425; x_wconf 76' lang='lat' dir='ltr'><strong><em>bumana·</em></strong></span> <span class='ocrx_word' id='word_1_168' title='bbox 1616 3366 1882 3437; x_wconf 80' lang='lat' dir='ltr'><strong><em>naturae,</em></strong></span> <span class='ocrx_word' id='word_1_169' title='bbox 1911 3362 1998 3426; x_wconf 87' lang='lat' dir='ltr'><strong><em>ad</em></strong></span> <span class='ocrx_word' id='word_1_170' title='bbox 2008 3362 2167 3445; x_wconf 83' lang='lat' dir='ltr'><strong><em>quod</em></strong></span> 
     </span>
     <span class='ocr_line' id='line_1_31' title="bbox 595 3453 2163 3541; baseline -0.002 -21"><span class='ocrx_word' id='word_1_171' title='bbox 595 3458 1016 3541; x_wconf 79' lang='lat' dir='ltr'><strong><em>requirebatur</em></strong></span> <span class='ocrx_word' id='word_1_172' title='bbox 1049 3457 1210 3539; x_wconf 80' lang='lat' dir='ltr'><strong><em>quod</em></strong></span> <span class='ocrx_word' id='word_1_173' title='bbox 1245 3456 1484 3521; x_wconf 78' lang='lat' dir='ltr'><strong><em>baberet</em></strong></span> <span class='ocrx_word' id='word_1_174' title='bbox 1515 3453 1936 3535; x_wconf 80' lang='lat' dir='ltr'><strong><em>perfectionem</em></strong></span> <span class='ocrx_word' id='word_1_175' title='bbox 1966 3457 2163 3520; x_wconf 89' lang='lat' dir='ltr'><strong><em>scien-</em></strong></span> 
     </span>
     <span class='ocr_line' id='line_1_32' title="bbox 597 3548 2161 3633; baseline -0.003 -18"><span class='ocrx_word' id='word_1_176' title='bbox 597 3550 699 3615; x_wconf 82' lang='lat' dir='ltr'><strong><em>tioe</em></strong></span> <span class='ocrx_word' id='word_1_177' title='bbox 748 3558 803 3616; x_wconf 87' lang='lat' dir='ltr'><strong><em>et</em></strong></span> <span class='ocrx_word' id='word_1_178' title='bbox 843 3552 1069 3633; x_wconf 69' lang='lat' dir='ltr'><strong><em>qratia·</em></strong></span> <span class='ocrx_word' id='word_1_179' title='bbox 1116 3551 1186 3611; x_wconf 91' lang='lat' dir='ltr'><strong><em>in</em></strong></span> <span class='ocrx_word' id='word_1_180' title='bbox 1230 3549 1456 3613; x_wconf 86' lang='lat' dir='ltr'><strong><em>anima.</em></strong></span> <span class='ocrx_word' id='word_1_181' title='bbox 1513 3548 1670 3611; x_wconf 84' lang='lat' dir='ltr'><strong><em>Illos</em></strong></span> <span class='ocrx_word' id='word_1_182' title='bbox 1717 3566 1856 3631; x_wconf 68' lang='lat' dir='ltr'><strong><em>erqo</em></strong></span> <span class='ocrx_word' id='word_1_183' title='bbox 1901 3550 2161 3629; x_wconf 76' lang='lat' dir='ltr'><strong><em>defectus</em></strong></span> 
     </span>
     <span class='ocr_line' id='line_1_33' title="bbox 600 3640 2161 3724; baseline -0.003 -15"><span class='ocrx_word' id='word_1_184' title='bbox 600 3643 887 3709; x_wconf 70' lang='lat' dir='ltr'><strong><em>Christus</em></strong></span> <span class='ocrx_word' id='word_1_185' title='bbox 933 3661 1236 3707; x_wconf 83' lang='lat' dir='ltr'><strong><em>assumere</em></strong></span> <span class='ocrx_word' id='word_1_186' title='bbox 1283 3640 1483 3705; x_wconf 87' lang='lat' dir='ltr'><strong><em>debuit</em></strong></span> <span class='ocrx_word' id='word_1_187' title='bbox 1510 3687 1530 3717; x_wconf 92' lang='lat'><em>‚</em></span> <span class='ocrx_word' id='word_1_188' title='bbox 1579 3642 1686 3724; x_wconf 86' lang='lat' dir='ltr'><strong><em>qui</em></strong></span> <span class='ocrx_word' id='word_1_189' title='bbox 1721 3650 2161 3723; x_wconf 84' lang='lat' dir='ltr'><strong><em>consequuntur</em></strong></span> 
     </span>
     <span class='ocr_line' id='line_1_34' title="bbox 597 3737 2162 3821; baseline -0.003 -20"><span class='ocrx_word' id='word_1_190' title='bbox 597 3754 672 3801; x_wconf 73' lang='lat' dir='ltr'><strong><em>ea</em></strong></span> <span class='ocrx_word' id='word_1_191' title='bbox 697 3742 938 3821; x_wconf 86' lang='lat' dir='ltr'><strong><em>peccato</em></strong></span> <span class='ocrx_word' id='word_1_192' title='bbox 978 3737 1275 3801; x_wconf 83' lang='lat' dir='ltr'><strong><em>communi</em></strong></span> <span class='ocrx_word' id='word_1_193' title='bbox 1305 3738 1495 3800; x_wconf 84' lang='lat' dir='ltr'><strong><em>totius</em></strong></span> <span class='ocrx_word' id='word_1_194' title='bbox 1523 3740 1764 3800; x_wconf 76' lang='lat' dir='ltr'><strong><em>natura</em></strong></span> <span class='ocrx_word' id='word_1_195' title='bbox 1781 3780 1797 3804; x_wconf 85' lang='lat'><strong><em>.</em></strong></span> <span class='ocrx_word' id='word_1_196' title='bbox 1827 3752 1936 3797; x_wconf 88' lang='lat' dir='ltr'><strong><em>nec</em></strong></span> <span class='ocrx_word' id='word_1_197' title='bbox 1962 3740 2162 3800; x_wconf 86' lang='lat' dir='ltr'><strong><em>tamen</em></strong></span> 
     </span>
     <span class='ocr_line' id='line_1_35' title="bbox 594 3827 2161 3913; baseline -0.004 -18"><span class='ocrx_word' id='word_1_198' title='bbox 594 3837 939 3911; x_wconf 70' lang='lat' dir='ltr'><strong><em>repupnant</em></strong></span> <span class='ocrx_word' id='word_1_199' title='bbox 975 3830 1326 3913; x_wconf 63' lang='lat' dir='ltr'><strong><em>perlectioni</em></strong></span> <span class='ocrx_word' id='word_1_200' title='bbox 1365 3827 1636 3894; x_wconf 84' lang='lat' dir='ltr'><strong><em>scientia·</em></strong></span> <span class='ocrx_word' id='word_1_201' title='bbox 1661 3834 1716 3891; x_wconf 86' lang='lat' dir='ltr'><strong><em>et</em></strong></span> <span class='ocrx_word' id='word_1_202' title='bbox 1749 3827 1994 3907; x_wconf 70' lang='lat' dir='ltr'><strong><em>qratice.</em></strong></span> <span class='ocrx_word' id='word_1_203' title='bbox 2044 3827 2161 3891; x_wconf 77' lang='lat' dir='ltr'><strong><em>Sic</em></strong></span> 
     </span>
     <span class='ocr_line' id='line_1_36' title="bbox 595 3922 2161 4007; baseline -0.002 -20"><span class='ocrx_word' id='word_1_204' title='bbox 595 3926 794 4007; x_wconf 71' lang='lat' dir='ltr'><strong><em>ipitur</em></strong></span> <span class='ocrx_word' id='word_1_205' title='bbox 831 3944 950 3987; x_wconf 85' lang='lat' dir='ltr'><strong><em>non</em></strong></span> <span class='ocrx_word' id='word_1_206' title='bbox 989 3924 1117 3999; x_wconf 81' lang='lat' dir='ltr'><strong><em>fuit</em></strong></span> <span class='ocrx_word' id='word_1_207' title='bbox 1159 3923 1506 3988; x_wconf 82' lang='lat' dir='ltr'><strong><em>conveniens</em></strong></span> <span class='ocrx_word' id='word_1_208' title='bbox 1541 3928 1616 3987; x_wconf 79' lang='lat' dir='ltr'><strong><em>ut</em></strong></span> <span class='ocrx_word' id='word_1_209' title='bbox 1653 3938 1852 3983; x_wconf 88' lang='lat' dir='ltr'><strong><em>omnes</em></strong></span> <span class='ocrx_word' id='word_1_210' title='bbox 1892 3922 2161 3999; x_wconf 78' lang='lat' dir='ltr'><strong><em>defectus</em></strong></span> 
     </span>
     <span class='ocr_line' id='line_1_37' title="bbox 595 4015 2163 4095; baseline -0.003 -13"><span class='ocrx_word' id='word_1_211' title='bbox 595 4036 699 4082; x_wconf 84' lang='lat' dir='ltr'><strong><em>seu</em></strong></span> <span class='ocrx_word' id='word_1_212' title='bbox 759 4016 1154 4095; x_wconf 76' lang='lat' dir='ltr'><strong><em>infirmitates</em></strong></span> <span class='ocrx_word' id='word_1_213' title='bbox 1214 4018 1509 4081; x_wconf 71' lang='lat' dir='ltr'><strong><em>humanas</em></strong></span> <span class='ocrx_word' id='word_1_214' title='bbox 1577 4019 1928 4079; x_wconf 80' lang='lat' dir='ltr'><strong><em>assumeret.</em></strong></span> <span class='ocrx_word' id='word_1_215' title='bbox 1992 4015 2163 4079; x_wconf 83' lang='lat' dir='ltr'><strong><em>Sunt</em></strong></span> 
     </span>
     <span class='ocr_line' id='line_1_38' title="bbox 595 4107 2163 4192; baseline -0.003 -17"><span class='ocrx_word' id='word_1_216' title='bbox 595 4114 755 4175; x_wconf 83' lang='lat' dir='ltr'><strong><em>enim</em></strong></span> <span class='ocrx_word' id='word_1_217' title='bbox 781 4112 1024 4192; x_wconf 83' lang='lat' dir='ltr'><strong><em>quidam</em></strong></span> <span class='ocrx_word' id='word_1_218' title='bbox 1049 4112 1308 4187; x_wconf 84' lang='lat' dir='ltr'><strong><em>desectus</em></strong></span> <span class='ocrx_word' id='word_1_219' title='bbox 1326 4109 1433 4190; x_wconf 81' lang='lat' dir='ltr'><strong><em>qui</em></strong></span> <span class='ocrx_word' id='word_1_220' title='bbox 1452 4114 1790 4189; x_wconf 72' lang='lat' dir='ltr'><strong><em>repuqnant</em></strong></span> <span class='ocrx_word' id='word_1_221' title='bbox 1809 4107 2163 4190; x_wconf 76' lang='lat' dir='ltr'><strong><em>perfectioni</em></strong></span> 
     </span>
     <span class='ocr_line' id='line_1_39' title="bbox 595 4204 2164 4285; baseline -0.001 -18"><span class='ocrx_word' id='word_1_222' title='bbox 595 4205 862 4268; x_wconf 73' lang='lat' dir='ltr'><strong><em>scientior</em></strong></span> <span class='ocrx_word' id='word_1_223' title='bbox 889 4210 944 4267; x_wconf 90' lang='lat' dir='ltr'><strong><em>et</em></strong></span> <span class='ocrx_word' id='word_1_224' title='bbox 970 4205 1230 4285; x_wconf 68' lang='lat' dir='ltr'><strong><em>qratioe,</em></strong></span> <span class='ocrx_word' id='word_1_225' title='bbox 1266 4206 1431 4267; x_wconf 86' lang='lat' dir='ltr'><strong><em>sicut</em></strong></span> <span class='ocrx_word' id='word_1_226' title='bbox 1463 4204 1848 4281; x_wconf 71' lang='lat' dir='ltr'><strong><em>iynorantia‚</em></strong></span> <span class='ocrx_word' id='word_1_227' title='bbox 1875 4204 2164 4284; x_wconf 86' lang='lat' dir='ltr'><strong><em>pronitas</em></strong></span> 
     </span>
     <span class='ocr_line' id='line_1_40' title="bbox 597 4296 2161 4376; baseline -0.001 -16"><span class='ocrx_word' id='word_1_228' title='bbox 597 4297 682 4360; x_wconf 88' lang='lat' dir='ltr'><strong><em>ad</em></strong></span> <span class='ocrx_word' id='word_1_229' title='bbox 713 4298 944 4360; x_wconf 88' lang='lat' dir='ltr'><strong><em>malum</em></strong></span> <span class='ocrx_word' id='word_1_230' title='bbox 969 4343 984 4370; x_wconf 90' lang='lat'>,</span> <span class='ocrx_word' id='word_1_231' title='bbox 1030 4302 1088 4360; x_wconf 92' lang='lat' dir='ltr'><strong><em>et</em></strong></span> <span class='ocrx_word' id='word_1_232' title='bbox 1125 4296 1466 4376; x_wconf 75' lang='lat' dir='ltr'><strong><em>difficultas</em></strong></span> <span class='ocrx_word' id='word_1_233' title='bbox 1503 4297 1576 4359; x_wconf 91' lang='lat' dir='ltr'><strong><em>ab</em></strong></span> <span class='ocrx_word' id='word_1_234' title='bbox 1620 4298 1852 4359; x_wconf 83' lang='lat' dir='ltr'><strong><em>bonum.</em></strong></span> <span class='ocrx_word' id='word_1_235' title='bbox 1902 4296 2161 4370; x_wconf 78' lang='lat' dir='ltr'><strong><em>Quidam</em></strong></span> 
     </span>
     <span class='ocr_line' id='line_1_41' title="bbox 597 4388 2164 4469; baseline -0.002 -16"><span class='ocrx_word' id='word_1_236' title='bbox 597 4394 799 4461; x_wconf 69' lang='lat' dir='ltr'><strong><em>autem</em></strong></span> <span class='ocrx_word' id='word_1_237' title='bbox 851 4391 1122 4467; x_wconf 85' lang='lat' dir='ltr'><strong><em>defectus</em></strong></span> <span class='ocrx_word' id='word_1_238' title='bbox 1173 4394 1318 4453; x_wconf 86' lang='lat' dir='ltr'><strong><em>sunt</em></strong></span> <span class='ocrx_word' id='word_1_239' title='bbox 1335 4434 1352 4461; x_wconf 88' lang='lat'>‚</span> <span class='ocrx_word' id='word_1_240' title='bbox 1405 4388 1511 4469; x_wconf 79' lang='lat' dir='ltr'><strong><em>qui</em></strong></span> <span class='ocrx_word' id='word_1_241' title='bbox 1557 4408 1674 4451; x_wconf 84' lang='lat' dir='ltr'><strong><em>non</em></strong></span> <span class='ocrx_word' id='word_1_242' title='bbox 1728 4393 2164 4469; x_wconf 82' lang='lat' dir='ltr'><strong><em>consequuntur</em></strong></span> 
     </span>
     <span class='ocr_line' id='line_1_42' title="bbox 597 4483 2165 4565; baseline 0 -20"><span class='ocrx_word' id='word_1_243' title='bbox 597 4483 990 4545; x_wconf 75' lang='lat' dir='ltr'><strong><em>conmuniter</em></strong></span> <span class='ocrx_word' id='word_1_244' title='bbox 1016 4488 1202 4545; x_wconf 88' lang='lat' dir='ltr'><strong><em>totam</em></strong></span> <span class='ocrx_word' id='word_1_245' title='bbox 1227 4483 1555 4546; x_wconf 68' lang='lat' dir='ltr'><strong><em>humanam</em></strong></span> <span class='ocrx_word' id='word_1_246' title='bbox 1581 4488 1894 4559; x_wconf 85' lang='lat' dir='ltr'><strong><em>naturam,</em></strong></span> <span class='ocrx_word' id='word_1_247' title='bbox 1911 4486 2165 4565; x_wconf 86' lang='lat' dir='ltr'><strong><em>propter</em></strong></span> 
     </span>
    </p>
   </div>
   <div class='ocr_carea' id='block_1_5' title="bbox 589 4576 2203 4659">
    <p class='ocr_par' dir='ltr' id='par_1_9' title="bbox 589 4576 2203 4659">
     <span class='ocr_line' id='line_1_43' title="bbox 589 4576 2203 4659; baseline -0.002 -17"><span class='ocrx_word' id='word_1_248' title='bbox 589 4580 904 4659; x_wconf 85' lang='lat' dir='ltr'><strong><em>peecatum</em></strong></span> <span class='ocrx_word' id='word_1_249' title='bbox 925 4577 1123 4655; x_wconf 83' lang='lat' dir='ltr'><strong><em>primi</em></strong></span> <span class='ocrx_word' id='word_1_250' title='bbox 1145 4577 1446 4655; x_wconf 84' lang='lat' dir='ltr'><strong><em>parentis,</em></strong></span> <span class='ocrx_word' id='word_1_251' title='bbox 1477 4576 1581 4639; x_wconf 90' lang='lat' dir='ltr'><strong><em>sed</em></strong></span> <span class='ocrx_word' id='word_1_252' title='bbox 1605 4580 1938 4639; x_wconf 79' lang='lat' dir='ltr'><strong><em>causantur</em></strong></span> <span class='ocrx_word' id='word_1_253' title='bbox 1959 4576 2025 4639; x_wconf 89' lang='lat' dir='ltr'><strong><em>in</em></strong></span> <span class='ocrx_word' id='word_1_254' title='bbox 2046 4576 2162 4639; x_wconf 87' lang='lat' dir='ltr'><strong><em>ali-</em></strong></span> <span class='ocrx_word' id='word_1_255' title='bbox 2181 4639 2203 4658; x_wconf 65' lang='grc'><strong>,</strong></span> 
     </span>
    </p>
   </div>
   <div class='ocr_carea' id='block_1_6' title="bbox 595 4668 2165 4843">
    <p class='ocr_par' dir='ltr' id='par_1_10' title="bbox 595 4668 2165 4843">
     <span class='ocr_line' id='line_1_44' title="bbox 595 4668 2165 4752; baseline 0.001 -21"><span class='ocrx_word' id='word_1_256' title='bbox 595 4669 818 4749; x_wconf 79' lang='lat' dir='ltr'><strong><em>quibus</em></strong></span> <span class='ocrx_word' id='word_1_257' title='bbox 846 4668 1182 4731; x_wconf 76' lang='lat' dir='ltr'><strong><em>bominibus</em></strong></span> <span class='ocrx_word' id='word_1_258' title='bbox 1211 4686 1283 4733; x_wconf 68' lang='lat' dir='ltr'><strong><em>eu</em></strong></span> <span class='ocrx_word' id='word_1_259' title='bbox 1305 4669 1661 4749; x_wconf 78' lang='lat' dir='ltr'><strong><em>quibusdam</em></strong></span> <span class='ocrx_word' id='word_1_260' title='bbox 1687 4669 2165 4752; x_wconf 84' lang='lat' dir='ltr'><strong><em>particularibus</em></strong></span> 
     </span>
     <span class='ocr_line' id='line_1_45' title="bbox 597 4760 2165 4843; baseline 0.001 -18"><span class='ocrx_word' id='word_1_261' title='bbox 597 4762 802 4825; x_wconf 80' lang='lat' dir='ltr'><strong><em>causis</em></strong></span> <span class='ocrx_word' id='word_1_262' title='bbox 823 4806 840 4838; x_wconf 89' lang='lat'>‚</span> <span class='ocrx_word' id='word_1_263' title='bbox 878 4760 1036 4827; x_wconf 86' lang='lat' dir='ltr'><strong><em>sicut</em></strong></span> <span class='ocrx_word' id='word_1_264' title='bbox 1062 4764 1254 4843; x_wconf 87' lang='lat' dir='ltr'><strong><em>lepra,</em></strong></span> <span class='ocrx_word' id='word_1_265' title='bbox 1279 4766 1340 4826; x_wconf 87' lang='lat' dir='ltr'><strong><em>et</em></strong></span> <span class='ocrx_word' id='word_1_266' title='bbox 1367 4763 1607 4826; x_wconf 84' lang='lat' dir='ltr'><strong><em>morbus</em></strong></span> <span class='ocrx_word' id='word_1_267' title='bbox 1635 4764 1919 4839; x_wconf 86' lang='lat' dir='ltr'><strong><em>caducus,</em></strong></span> <span class='ocrx_word' id='word_1_268' title='bbox 1950 4768 2007 4827; x_wconf 89' lang='lat' dir='ltr'><strong><em>et</em></strong></span> <span class='ocrx_word' id='word_1_269' title='bbox 2034 4763 2165 4827; x_wconf 89' lang='lat' dir='ltr'><strong><em>alia</em></strong></span> 
     </span>
    </p>
   </div>
   <div class='ocr_carea' id='block_1_7' title="bbox 597 4950 2165 5597">
    <p class='ocr_par' dir='ltr' id='par_1_11' title="bbox 597 4950 2165 5315">
     <span class='ocr_line' id='line_1_46' title="bbox 679 4950 2164 5031; baseline -0.002 -16"><span class='ocrx_word' id='word_1_270' title='bbox 679 4950 696 4990; x_wconf 92' lang='lat'>¹</span> <span class='ocrx_word' id='word_1_271' title='bbox 739 4952 952 5031; x_wconf 67' lang='lat' dir='ltr'><strong><em>Supr„</em></strong></span> <span class='ocrx_word' id='word_1_272' title='bbox 985 4969 1048 5031; x_wconf 87' lang='lat' dir='ltr'><strong><em>q.</em></strong></span> <span class='ocrx_word' id='word_1_273' title='bbox 1084 4953 1182 5027; x_wconf 87' lang='grc'><strong><em>12,</em></strong></span> <span class='ocrx_word' id='word_1_274' title='bbox 1215 4958 1332 5014; x_wconf 78' lang='lat' dir='ltr'><strong><em>art.</em></strong></span> <span class='ocrx_word' id='word_1_275' title='bbox 1365 4956 1426 5025; x_wconf 77' lang='lat'><strong><em>4,</em></strong></span> <span class='ocrx_word' id='word_1_276' title='bbox 1462 4950 1544 5013; x_wconf 79' lang='lat' dir='ltr'><strong><em>ad</em></strong></span> <span class='ocrx_word' id='word_1_277' title='bbox 1568 4955 1630 5025; x_wconf 89' lang='lat'><strong><em>3,</em></strong></span> <span class='ocrx_word' id='word_1_278' title='bbox 1666 4957 1730 5014; x_wconf 84' lang='lat' dir='ltr'><strong><em>et</em></strong></span> <span class='ocrx_word' id='word_1_279' title='bbox 1755 4952 1926 5025; x_wconf 64' lang='lat' dir='ltr'><strong><em>infr„</em></strong></span> <span class='ocrx_word' id='word_1_280' title='bbox 1963 4969 2023 5031; x_wconf 88' lang='lat' dir='ltr'><strong><em>q.</em></strong></span> <span class='ocrx_word' id='word_1_281' title='bbox 2063 4952 2164 5026; x_wconf 81' lang='grc'><strong><em>15,</em></strong></span> 
     </span>
     <span class='ocr_line' id='line_1_47' title="bbox 599 5046 2163 5127; baseline 0 -19"><span class='ocrx_word' id='word_1_282' title='bbox 599 5064 658 5108; x_wconf 84' lang='lat' dir='ltr'><strong><em>a.</em></strong></span> <span class='ocrx_word' id='word_1_283' title='bbox 692 5049 754 5122; x_wconf 90' lang='grc'><strong><em>1,</em></strong></span> <span class='ocrx_word' id='word_1_284' title='bbox 782 5064 982 5127; x_wconf 68' lang='lat' dir='ltr'><strong><em>corp„</em></strong></span> <span class='ocrx_word' id='word_1_285' title='bbox 1015 5053 1078 5109; x_wconf 88' lang='lat' dir='ltr'><strong><em>et</em></strong></span> <span class='ocrx_word' id='word_1_286' title='bbox 1104 5065 1167 5127; x_wconf 88' lang='lat' dir='ltr'><strong><em>q.</em></strong></span> <span class='ocrx_word' id='word_1_287' title='bbox 1199 5049 1300 5121; x_wconf 71' lang='lat'><strong><em>46,</em></strong></span> <span class='ocrx_word' id='word_1_288' title='bbox 1335 5054 1454 5110; x_wconf 81' lang='lat' dir='ltr'><strong><em>art.</em></strong></span> <span class='ocrx_word' id='word_1_289' title='bbox 1487 5050 1548 5125; x_wconf 77' lang='lat'><strong><em>5,</em></strong></span> <span class='ocrx_word' id='word_1_290' title='bbox 1576 5048 1660 5109; x_wconf 83' lang='lat' dir='ltr'><strong><em>ad</em></strong></span> <span class='ocrx_word' id='word_1_291' title='bbox 1688 5052 1761 5125; x_wconf 82' lang='lat'><strong><em>13</em></strong></span> <span class='ocrx_word' id='word_1_292' title='bbox 1796 5054 1858 5109; x_wconf 80' lang='lat' dir='ltr'><strong><em>et</em></strong></span> <span class='ocrx_word' id='word_1_293' title='bbox 1881 5048 1942 5123; x_wconf 86' lang='lat'><strong><em>3,</em></strong></span> <span class='ocrx_word' id='word_1_294' title='bbox 1962 5046 2023 5108; x_wconf 92' lang='lat' dir='ltr'><strong><em>d.</em></strong></span> <span class='ocrx_word' id='word_1_295' title='bbox 2060 5050 2163 5121; x_wconf 81' lang='grc'><strong><em>15,</em></strong></span> 
     </span>
     <span class='ocr_line' id='line_1_48' title="bbox 597 5140 2165 5222; baseline 0 -21"><span class='ocrx_word' id='word_1_296' title='bbox 597 5158 661 5219; x_wconf 89' lang='lat' dir='ltr'><strong><em>q.</em></strong></span> <span class='ocrx_word' id='word_1_297' title='bbox 687 5143 746 5214; x_wconf 91' lang='grc'><strong><em>1,</em></strong></span> <span class='ocrx_word' id='word_1_298' title='bbox 779 5158 840 5201; x_wconf 82' lang='lat' dir='ltr'><strong><em>a.</em></strong></span> <span class='ocrx_word' id='word_1_299' title='bbox 865 5144 928 5215; x_wconf 90' lang='grc'><strong><em>1,</em></strong></span> <span class='ocrx_word' id='word_1_300' title='bbox 958 5147 1023 5203; x_wconf 84' lang='lat' dir='ltr'><strong><em>et</em></strong></span> <span class='ocrx_word' id='word_1_301' title='bbox 1053 5140 1115 5203; x_wconf 85' lang='lat' dir='ltr'><strong><em>d.</em></strong></span> <span class='ocrx_word' id='word_1_302' title='bbox 1149 5145 1250 5216; x_wconf 83' lang='grc'><strong>22,</strong></span> <span class='ocrx_word' id='word_1_303' title='bbox 1271 5160 1332 5220; x_wconf 87' lang='lat' dir='ltr'><strong><em>q.</em></strong></span> <span class='ocrx_word' id='word_1_304' title='bbox 1357 5143 1420 5216; x_wconf 94' lang='grc'><strong>2,</strong></span> <span class='ocrx_word' id='word_1_305' title='bbox 1445 5160 1506 5203; x_wconf 84' lang='lat' dir='ltr'><strong><em>a.</em></strong></span> <span class='ocrx_word' id='word_1_306' title='bbox 1542 5145 1602 5218; x_wconf 89' lang='grc'><strong><em>1,</em></strong></span> <span class='ocrx_word' id='word_1_307' title='bbox 1631 5160 1694 5222; x_wconf 91' lang='lat' dir='ltr'><strong><em>q.</em></strong></span> <span class='ocrx_word' id='word_1_308' title='bbox 1720 5145 1859 5219; x_wconf 76' lang='lat' dir='ltr'><strong><em>1‚et</em></strong></span> <span class='ocrx_word' id='word_1_309' title='bbox 1887 5144 2165 5203; x_wconf 60' lang='lat' dir='ltr'><strong><em>hcontra</em></strong></span> 
     </span>
     <span class='ocr_line' id='line_1_49' title="bbox 597 5234 2113 5315; baseline 0 -17"><span class='ocrx_word' id='word_1_310' title='bbox 597 5240 796 5314; x_wconf 78' lang='lat' dir='ltr'><strong><em>gent..</em></strong></span> <span class='ocrx_word' id='word_1_311' title='bbox 837 5236 946 5311; x_wconf 75' lang='lat'><strong><em>55,</em></strong></span> <span class='ocrx_word' id='word_1_312' title='bbox 977 5252 1041 5295; x_wconf 87' lang='lat' dir='ltr'><strong><em>n.</em></strong></span> <span class='ocrx_word' id='word_1_313' title='bbox 1079 5236 1179 5309; x_wconf 89' lang='grc'><strong><em>11,</em></strong></span> <span class='ocrx_word' id='word_1_314' title='bbox 1219 5240 1286 5295; x_wconf 79' lang='lat' dir='ltr'><strong><em>et</em></strong></span> <span class='ocrx_word' id='word_1_315' title='bbox 1309 5253 1490 5315; x_wconf 83' lang='lat' dir='ltr'><strong><em>opus.</em></strong></span> <span class='ocrx_word' id='word_1_316' title='bbox 1525 5239 1588 5314; x_wconf 87' lang='grc'><strong>2,</strong></span> <span class='ocrx_word' id='word_1_317' title='bbox 1619 5254 1677 5299; x_wconf 85' lang='lat' dir='ltr'><strong><em>e.</em></strong></span> <span class='ocrx_word' id='word_1_318' title='bbox 1710 5238 1854 5314; x_wconf 83' lang='grc'><strong>226,</strong></span> <span class='ocrx_word' id='word_1_319' title='bbox 1886 5241 1951 5299; x_wconf 86' lang='lat' dir='ltr'><strong><em>et</em></strong></span> <span class='ocrx_word' id='word_1_320' title='bbox 1974 5234 2113 5299; x_wconf 88' lang='grc'><strong>238.</strong></span> 
     </span>
    </p>

    <p class='ocr_par' dir='ltr' id='par_1_12' title="bbox 675 5326 1342 5403">
     <span class='ocr_line' id='line_1_50' title="bbox 675 5326 1342 5403; baseline 0.001 -14"><span class='ocrx_word' id='word_1_321' title='bbox 675 5326 704 5369; x_wconf 81' lang='lat'><em>²</em></span> <span class='ocrx_word' id='word_1_322' title='bbox 743 5328 874 5390; x_wconf 86' lang='lat' dir='ltr'><strong><em>Lib.</em></strong></span> <span class='ocrx_word' id='word_1_323' title='bbox 905 5330 964 5403; x_wconf 89' lang='lat'><strong><em>3,</em></strong></span> <span class='ocrx_word' id='word_1_324' title='bbox 997 5347 1054 5390; x_wconf 87' lang='lat' dir='ltr'><strong><em>e.</em></strong></span> <span class='ocrx_word' id='word_1_325' title='bbox 1081 5331 1120 5390; x_wconf 83' lang='lat'>6</span> <span class='ocrx_word' id='word_1_326' title='bbox 1150 5334 1216 5391; x_wconf 84' lang='lat' dir='ltr'><strong><em>et</em></strong></span> <span class='ocrx_word' id='word_1_327' title='bbox 1243 5330 1342 5392; x_wconf 89' lang='grc'><strong>18.</strong></span> 
     </span>
    </p>

    <p class='ocr_par' dir='ltr' id='par_1_13' title="bbox 679 5422 1032 5486">
     <span class='ocr_line' id='line_1_51' title="bbox 679 5422 1032 5486; baseline 0.003 -2"><span class='ocrx_word' id='word_1_328' title='bbox 679 5422 706 5461; x_wconf 85' lang='lat'><strong>³</strong></span> <span class='ocrx_word' id='word_1_329' title='bbox 751 5424 938 5486; x_wconf 84' lang='lat' dir='ltr'><strong><em>Artie.</em></strong></span> <span class='ocrx_word' id='word_1_330' title='bbox 975 5426 1032 5485; x_wconf 79' lang='lat'><strong><em>1.</em></strong></span> 
     </span>
    </p>

    <p class='ocr_par' dir='ltr' id='par_1_14' title="bbox 679 5516 1612 5597">
     <span class='ocr_line' id='line_1_52' title="bbox 679 5516 1612 5597; baseline 0.002 -18"><span class='ocrx_word' id='word_1_331' title='bbox 679 5517 704 5559; x_wconf 84' lang='lat'><strong>⁴</strong></span> <span class='ocrx_word' id='word_1_332' title='bbox 747 5516 936 5579; x_wconf 79' lang='lat' dir='ltr'><strong><em>Artie.</em></strong></span> <span class='ocrx_word' id='word_1_333' title='bbox 970 5520 999 5578; x_wconf 90' lang='grc'><strong>1</strong></span> <span class='ocrx_word' id='word_1_334' title='bbox 1029 5522 1094 5579; x_wconf 81' lang='lat' dir='ltr'><strong><em>et</em></strong></span> <span class='ocrx_word' id='word_1_335' title='bbox 1113 5518 1156 5579; x_wconf 82' lang='grc'><strong>2</strong></span> <span class='ocrx_word' id='word_1_336' title='bbox 1176 5518 1364 5597; x_wconf 83' lang='lat' dir='ltr'><strong><em>hujus</em></strong></span> <span class='ocrx_word' id='word_1_337' title='bbox 1393 5526 1612 5597; x_wconf 64' lang='lat' dir='ltr'><strong><em>quaest.</em></strong></span> 
     </span>
    </p>
   </div>
   <div class='ocr_carea' id='block_1_8' title="bbox 1835 336 2591 403">
    <p class='ocr_par' dir='ltr' id='par_1_15' title="bbox 1835 336 2591 403">
     <span class='ocr_line' id='line_1_53' title="bbox 1835 336 2591 403; baseline 0.009 -11"><span class='ocrx_word' id='word_1_338' title='bbox 1835 336 2073 403; x_wconf 71' lang='lat' dir='ltr'><strong><em>QUAEST.</em></strong></span> <span class='ocrx_word' id='word_1_339' title='bbox 2105 336 2236 395; x_wconf 80' lang='lat' dir='ltr'>xlv,</span> <span class='ocrx_word' id='word_1_340' title='bbox 2271 340 2475 397; x_wconf 69' lang='lat' dir='ltr'><strong><em>Anne.</em></strong></span> <span class='ocrx_word' id='word_1_341' title='bbox 2506 344 2591 399; x_wconf 75' lang='grc' dir='ltr'><strong><em>Π.</em></strong></span> 
     </span>
    </p>
   </div>
   <div class='ocr_carea' id='block_1_9' title="bbox 2236 444 3781 4177">
    <p class='ocr_par' dir='ltr' id='par_1_16' title="bbox 2236 444 3781 2037">
     <span class='ocr_line' id='line_1_54' title="bbox 2244 444 3733 534; baseline 0.005 -25"><span class='ocrx_word' id='word_1_342' title='bbox 2244 444 2611 527; x_wconf 68' lang='lat' dir='ltr'><strong><em>hujusmodi.</em></strong></span> <span class='ocrx_word' id='word_1_343' title='bbox 2668 446 2789 523; x_wconf 69' lang='lat' dir='ltr'><strong><em>Qui</em></strong></span> <span class='ocrx_word' id='word_1_344' title='bbox 2846 446 3083 528; x_wconf 68' lang='lat' dir='ltr'><strong><em>quidem</em></strong></span> <span class='ocrx_word' id='word_1_345' title='bbox 3148 446 3425 523; x_wconf 70' lang='lat' dir='ltr'><strong><em>defectus</em></strong></span> <span class='ocrx_word' id='word_1_346' title='bbox 3472 452 3733 534; x_wconf 55' lang='lat' dir='ltr'><strong><em>standoque</em></strong></span> 
     </span>
     <span class='ocr_line' id='line_1_55' title="bbox 2246 540 3733 623; baseline 0.002 -16"><span class='ocrx_word' id='word_1_347' title='bbox 2246 549 2579 607; x_wconf 81' lang='lat' dir='ltr'><strong><em>causantur</em></strong></span> <span class='ocrx_word' id='word_1_348' title='bbox 2610 560 2682 606; x_wconf 70' lang='lat' dir='ltr'><strong><em>ea</em></strong></span> <span class='ocrx_word' id='word_1_349' title='bbox 2714 542 2892 623; x_wconf 84' lang='lat' dir='ltr'><strong><em>culpa</em></strong></span> <span class='ocrx_word' id='word_1_350' title='bbox 2920 540 3215 617; x_wconf 73' lang='lat' dir='ltr'><strong><em>bominis,</em></strong></span> <span class='ocrx_word' id='word_1_351' title='bbox 3252 546 3431 621; x_wconf 82' lang='lat' dir='ltr'><strong><em>puta,</em></strong></span> <span class='ocrx_word' id='word_1_352' title='bbox 3468 562 3533 606; x_wconf 68' lang='lat' dir='ltr'><strong><em>en</em></strong></span> <span class='ocrx_word' id='word_1_353' title='bbox 3566 548 3733 611; x_wconf 71' lang='lat' dir='ltr'><strong><em>inordi-</em></strong></span> 
     </span>
     <span class='ocr_line' id='line_1_56' title="bbox 2244 638 3737 719; baseline 0.003 -20"><span class='ocrx_word' id='word_1_354' title='bbox 2244 644 2389 702; x_wconf 89' lang='lat' dir='ltr'><strong><em>nato</em></strong></span> <span class='ocrx_word' id='word_1_355' title='bbox 2418 639 2583 701; x_wconf 74' lang='lat' dir='ltr'><strong><em>victu</em></strong></span> <span class='ocrx_word' id='word_1_356' title='bbox 2600 664 2627 713; x_wconf 92' lang='lat'><em>;</em></span> <span class='ocrx_word' id='word_1_357' title='bbox 2664 638 3009 719; x_wconf 82' lang='lat' dir='ltr'><strong><em>quandoque</em></strong></span> <span class='ocrx_word' id='word_1_358' title='bbox 3036 641 3251 700; x_wconf 86' lang='lat' dir='ltr'><strong><em>autem</em></strong></span> <span class='ocrx_word' id='word_1_359' title='bbox 3278 654 3355 698; x_wconf 71' lang='lat' dir='ltr'><strong><em>ea</em></strong></span> <span class='ocrx_word' id='word_1_360' title='bbox 3381 638 3583 717; x_wconf 73' lang='lat' dir='ltr'><strong><em>defectu</em></strong></span> <span class='ocrx_word' id='word_1_361' title='bbox 3600 642 3737 707; x_wconf 69' lang='lat' dir='ltr'><strong><em>virt:-</em></strong></span> 
     </span>
     <span class='ocr_line' id='line_1_57' title="bbox 2248 732 3739 809; baseline -0.001 -14"><span class='ocrx_word' id='word_1_362' title='bbox 2248 732 2333 795; x_wconf 82' lang='lat' dir='ltr'><strong><em>tis</em></strong></span> <span class='ocrx_word' id='word_1_363' title='bbox 2355 734 2720 809; x_wconf 69' lang='lat' dir='ltr'><strong><em>formativae.</em></strong></span> <span class='ocrx_word' id='word_1_364' title='bbox 2752 732 3019 807; x_wconf 74' lang='lat' dir='ltr'><strong><em>Quorum</em></strong></span> <span class='ocrx_word' id='word_1_365' title='bbox 3036 736 3331 795; x_wconf 83' lang='lat' dir='ltr'><strong><em>neutrum</em></strong></span> <span class='ocrx_word' id='word_1_366' title='bbox 3356 734 3599 795; x_wconf 69' lang='lat' dir='ltr'><strong><em>convestit</em></strong></span> <span class='ocrx_word' id='word_1_367' title='bbox 3622 735 3739 800; x_wconf 66' lang='lat' dir='ltr'><strong><em>civi-</em></strong></span> 
     </span>
     <span class='ocr_line' id='line_1_58' title="bbox 2246 824 3739 909; baseline 0.003 -20"><span class='ocrx_word' id='word_1_368' title='bbox 2246 832 2341 890; x_wconf 86' lang='lat' dir='ltr'><strong><em>sto</em></strong></span> <span class='ocrx_word' id='word_1_369' title='bbox 2366 872 2383 899; x_wconf 95' lang='lat'><strong>‚</strong></span> <span class='ocrx_word' id='word_1_370' title='bbox 2426 828 2571 909; x_wconf 73' lang='lat' dir='ltr'><strong><em>quia</em></strong></span> <span class='ocrx_word' id='word_1_371' title='bbox 2598 832 2657 891; x_wconf 85' lang='lat' dir='ltr'><strong><em>et</em></strong></span> <span class='ocrx_word' id='word_1_372' title='bbox 2688 844 2829 891; x_wconf 88' lang='lat' dir='ltr'><strong><em>caro</em></strong></span> <span class='ocrx_word' id='word_1_373' title='bbox 2858 828 2992 907; x_wconf 80' lang='lat' dir='ltr'><strong><em>ejus</em></strong></span> <span class='ocrx_word' id='word_1_374' title='bbox 3024 826 3095 889; x_wconf 84' lang='lat' dir='ltr'><strong><em>de</em></strong></span> <span class='ocrx_word' id='word_1_375' title='bbox 3136 824 3408 903; x_wconf 78' lang='lat' dir='ltr'><strong><em>Spiritu</em></strong></span> <span class='ocrx_word' id='word_1_376' title='bbox 3435 824 3633 890; x_wconf 78' lang='lat' dir='ltr'><strong><em>Sancto</em></strong></span> <span class='ocrx_word' id='word_1_377' title='bbox 3652 846 3739 893; x_wconf 70' lang='lat' dir='ltr'><strong><em>cos·</em></strong></span> 
     </span>
     <span class='ocr_line' id='line_1_59' title="bbox 2246 918 3735 1003; baseline 0.001 -20"><span class='ocrx_word' id='word_1_378' title='bbox 2246 925 2421 1003; x_wconf 85' lang='lat' dir='ltr'><strong><em>cepta</em></strong></span> <span class='ocrx_word' id='word_1_379' title='bbox 2447 926 2557 997; x_wconf 87' lang='lat' dir='ltr'><strong><em>est,</em></strong></span> <span class='ocrx_word' id='word_1_380' title='bbox 2583 920 2691 1001; x_wconf 82' lang='lat' dir='ltr'><strong><em>qui</em></strong></span> <span class='ocrx_word' id='word_1_381' title='bbox 2720 924 2811 983; x_wconf 87' lang='lat' dir='ltr'><strong><em>est</em></strong></span> <span class='ocrx_word' id='word_1_382' title='bbox 2830 918 3099 997; x_wconf 77' lang='lat' dir='ltr'><strong><em>infinita·</em></strong></span> <span class='ocrx_word' id='word_1_383' title='bbox 3118 918 3451 997; x_wconf 66' lang='lat' dir='ltr'><strong><em>sapientia</em></strong></span> <span class='ocrx_word' id='word_1_384' title='bbox 3466 924 3521 983; x_wconf 85' lang='lat' dir='ltr'><strong><em>et</em></strong></span> <span class='ocrx_word' id='word_1_385' title='bbox 3538 919 3735 999; x_wconf 65' lang='lat' dir='ltr'><strong><em>virtum,</em></strong></span> 
     </span>
     <span class='ocr_line' id='line_1_60' title="bbox 2246 1012 3739 1095; baseline -0.001 -18"><span class='ocrx_word' id='word_1_386' title='bbox 2246 1030 2452 1077; x_wconf 86' lang='lat' dir='ltr'><strong><em>errare</em></strong></span> <span class='ocrx_word' id='word_1_387' title='bbox 2480 1020 2539 1079; x_wconf 89' lang='lat' dir='ltr'><strong><em>et</em></strong></span> <span class='ocrx_word' id='word_1_388' title='bbox 2564 1016 2799 1095; x_wconf 78' lang='lat' dir='ltr'><strong><em>deficere</em></strong></span> <span class='ocrx_word' id='word_1_389' title='bbox 2821 1030 2941 1077; x_wconf 87' lang='lat' dir='ltr'><strong><em>non</em></strong></span> <span class='ocrx_word' id='word_1_390' title='bbox 2960 1018 3198 1094; x_wconf 86' lang='lat' dir='ltr'><strong><em>potens,</em></strong></span> <span class='ocrx_word' id='word_1_391' title='bbox 3230 1016 3291 1075; x_wconf 88' lang='lat' dir='ltr'><strong><em>et</em></strong></span> <span class='ocrx_word' id='word_1_392' title='bbox 3318 1013 3449 1095; x_wconf 87' lang='lat' dir='ltr'><strong><em>ipse</em></strong></span> <span class='ocrx_word' id='word_1_393' title='bbox 3469 1012 3609 1076; x_wconf 65' lang='lat' dir='ltr'><strong><em>nim</em></strong></span> <span class='ocrx_word' id='word_1_394' title='bbox 3626 1018 3739 1081; x_wconf 74' lang='lat' dir='ltr'><strong><em>inor·</em></strong></span> 
     </span>
     <span class='ocr_line' id='line_1_61' title="bbox 2248 1106 3739 1190; baseline 0.002 -20"><span class='ocrx_word' id='word_1_395' title='bbox 2248 1108 2526 1171; x_wconf 89' lang='lat' dir='ltr'><strong><em>dinatum</em></strong></span> <span class='ocrx_word' id='word_1_396' title='bbox 2560 1109 2629 1171; x_wconf 87' lang='lat' dir='ltr'><strong><em>in</em></strong></span> <span class='ocrx_word' id='word_1_397' title='bbox 2655 1107 2943 1190; x_wconf 67' lang='lat' dir='ltr'><strong><em>reqimine</em></strong></span> <span class='ocrx_word' id='word_1_398' title='bbox 2978 1124 3109 1170; x_wconf 81' lang='lat' dir='ltr'><strong><em>suoe</em></strong></span> <span class='ocrx_word' id='word_1_399' title='bbox 3138 1106 3299 1169; x_wconf 80' lang='lat' dir='ltr'><strong><em>vitoe</em></strong></span> <span class='ocrx_word' id='word_1_400' title='bbox 3340 1106 3599 1169; x_wconf 64' lang='lat' dir='ltr'><strong><em>exercuit.</em></strong></span> <span class='ocrx_word' id='word_1_401' title='bbox 3628 1107 3739 1173; x_wconf 71' lang='lat' dir='ltr'><strong><em>Sunt</em></strong></span> 
     </span>
     <span class='ocr_line' id='line_1_62' title="bbox 2250 1200 3741 1285; baseline 0 -20"><span class='ocrx_word' id='word_1_402' title='bbox 2250 1209 2447 1267; x_wconf 85' lang='lat' dir='ltr'><strong><em>autem</em></strong></span> <span class='ocrx_word' id='word_1_403' title='bbox 2475 1205 2649 1269; x_wconf 86' lang='lat' dir='ltr'><strong><em>tertii</em></strong></span> <span class='ocrx_word' id='word_1_404' title='bbox 2680 1204 2949 1279; x_wconf 77' lang='lat' dir='ltr'><strong><em>defectus</em></strong></span> <span class='ocrx_word' id='word_1_405' title='bbox 2970 1248 2987 1273; x_wconf 95' lang='lat'>,</span> <span class='ocrx_word' id='word_1_406' title='bbox 3028 1202 3137 1285; x_wconf 73' lang='lat' dir='ltr'><strong><em>qui</em></strong></span> <span class='ocrx_word' id='word_1_407' title='bbox 3164 1202 3242 1264; x_wconf 88' lang='lat' dir='ltr'><strong><em>in</em></strong></span> <span class='ocrx_word' id='word_1_408' title='bbox 3270 1200 3537 1264; x_wconf 82' lang='lat' dir='ltr'><strong><em>omnibus</em></strong></span> <span class='ocrx_word' id='word_1_409' title='bbox 3558 1200 3741 1265; x_wconf 66' lang='lat' dir='ltr'><strong><em>mni-</em></strong></span> 
     </span>
     <span class='ocr_line' id='line_1_63' title="bbox 2254 1297 3781 1376; baseline 0.001 -18"><span class='ocrx_word' id='word_1_410' title='bbox 2254 1298 2361 1361; x_wconf 89' lang='lat' dir='ltr'><strong><em>bus</em></strong></span> <span class='ocrx_word' id='word_1_411' title='bbox 2390 1298 2780 1362; x_wconf 87' lang='lat' dir='ltr'><strong><em>communiter</em></strong></span> <span class='ocrx_word' id='word_1_412' title='bbox 2806 1297 3210 1361; x_wconf 79' lang='lat' dir='ltr'><strong><em>inveniuntur</em></strong></span> <span class='ocrx_word' id='word_1_413' title='bbox 3224 1340 3243 1369; x_wconf 87' lang='lat'>‚</span> <span class='ocrx_word' id='word_1_414' title='bbox 3278 1312 3355 1357; x_wconf 80' lang='lat' dir='ltr'><strong><em>ecc</em></strong></span> <span class='ocrx_word' id='word_1_415' title='bbox 3378 1299 3593 1374; x_wconf 85' lang='lat' dir='ltr'><strong><em>peccato</em></strong></span> <span class='ocrx_word' id='word_1_416' title='bbox 3612 1298 3741 1376; x_wconf 69' lang='lat' dir='ltr'><strong><em>print·</em></strong></span> <span class='ocrx_word' id='word_1_417' title='bbox 3779 1360 3781 1363; x_wconf 69' lang='grc'><strong>,</strong></span> 
     </span>
     <span class='ocr_line' id='line_1_64' title="bbox 2243 1386 3741 1473; baseline 0 -20"><span class='ocrx_word' id='word_1_418' title='bbox 2243 1391 2523 1473; x_wconf 81' lang='lat' dir='ltr'><strong><em>parentis</em></strong></span> <span class='ocrx_word' id='word_1_419' title='bbox 2547 1414 2575 1462; x_wconf 92' lang='lat'><strong><em>,·</em></strong></span> <span class='ocrx_word' id='word_1_420' title='bbox 2599 1394 2764 1455; x_wconf 88' lang='lat' dir='ltr'><strong><em>sicut</em></strong></span> <span class='ocrx_word' id='word_1_421' title='bbox 2788 1407 2975 1463; x_wconf 84' lang='lat' dir='ltr'><strong><em>mors,</em></strong></span> <span class='ocrx_word' id='word_1_422' title='bbox 3017 1392 3246 1465; x_wconf 83' lang='lat' dir='ltr'><strong><em>fames,</em></strong></span> <span class='ocrx_word' id='word_1_423' title='bbox 3280 1386 3453 1457; x_wconf 87' lang='lat' dir='ltr'><strong><em>sitis,</em></strong></span> <span class='ocrx_word' id='word_1_424' title='bbox 3482 1392 3534 1449; x_wconf 86' lang='lat' dir='ltr'><strong><em>et</em></strong></span> <span class='ocrx_word' id='word_1_425' title='bbox 3560 1388 3660 1451; x_wconf 82' lang='lat' dir='ltr'><strong><em>alie</em></strong></span> <span class='ocrx_word' id='word_1_426' title='bbox 3676 1390 3741 1453; x_wconf 57' lang='lat' dir='ltr'><strong><em>Its</em></strong></span> 
     </span>
     <span class='ocr_line' id='line_1_65' title="bbox 2236 1478 3741 1564; baseline -0.003 -17"><span class='ocrx_word' id='word_1_427' title='bbox 2236 1484 2531 1564; x_wconf 82' lang='lat' dir='ltr'><strong><em>jusmodi.</em></strong></span> <span class='ocrx_word' id='word_1_428' title='bbox 2576 1486 2671 1548; x_wconf 81' lang='lat' dir='ltr'><strong><em>Et</em></strong></span> <span class='ocrx_word' id='word_1_429' title='bbox 2699 1486 2806 1548; x_wconf 74' lang='lat' dir='ltr'><strong><em>bos</em></strong></span> <span class='ocrx_word' id='word_1_430' title='bbox 2844 1484 3105 1559; x_wconf 79' lang='lat' dir='ltr'><strong><em>defectus</em></strong></span> <span class='ocrx_word' id='word_1_431' title='bbox 3146 1499 3359 1544; x_wconf 81' lang='lat' dir='ltr'><strong><em>omnes</em></strong></span> <span class='ocrx_word' id='word_1_432' title='bbox 3388 1478 3635 1544; x_wconf 73' lang='lat' dir='ltr'><strong><em>Christus</em></strong></span> <span class='ocrx_word' id='word_1_433' title='bbox 3653 1500 3741 1544; x_wconf 68' lang='lat' dir='ltr'><strong><em>sss·</em></strong></span> 
     </span>
     <span class='ocr_line' id='line_1_66' title="bbox 2248 1572 3741 1661; baseline -0.003 -20"><span class='ocrx_word' id='word_1_434' title='bbox 2248 1578 2428 1659; x_wconf 84' lang='lat' dir='ltr'><strong><em>cepit,</em></strong></span> <span class='ocrx_word' id='word_1_435' title='bbox 2481 1596 2627 1661; x_wconf 81' lang='lat' dir='ltr'><strong><em>quos</em></strong></span> <span class='ocrx_word' id='word_1_436' title='bbox 2670 1584 2845 1642; x_wconf 85' lang='lat' dir='ltr'><strong><em>vocat</em></strong></span> <span class='ocrx_word' id='word_1_437' title='bbox 2892 1578 3321 1640; x_wconf 76' lang='lat' dir='ltr'><strong><em>Damascenus</em></strong></span> <span class='ocrx_word' id='word_1_438' title='bbox 3352 1572 3375 1615; x_wconf 87' lang='lat'>¹</span> <span class='ocrx_word' id='word_1_439' title='bbox 3416 1574 3683 1637; x_wconf 70' lang='lat' dir='ltr'><strong><em>naturales</em></strong></span> <span class='ocrx_word' id='word_1_440' title='bbox 3710 1582 3741 1637; x_wconf 73' lang='lat' dir='ltr'><strong><em>a</em></strong></span> 
     </span>
     <span class='ocr_line' id='line_1_67' title="bbox 2246 1666 3737 1752; baseline -0.003 -19"><span class='ocrx_word' id='word_1_441' title='bbox 2246 1670 2715 1735; x_wconf 84' lang='lat' dir='ltr'><strong><em>indetractibiles</em></strong></span> <span class='ocrx_word' id='word_1_442' title='bbox 2763 1669 3075 1752; x_wconf 81' lang='lat' dir='ltr'><strong><em>passiones</em></strong></span> <span class='ocrx_word' id='word_1_443' title='bbox 3098 1694 3125 1743; x_wconf 89' lang='lat'><strong><em>,·</em></strong></span> <span class='ocrx_word' id='word_1_444' title='bbox 3176 1666 3502 1733; x_wconf 75' lang='lat' dir='ltr'><strong><em>naturales</em></strong></span> <span class='ocrx_word' id='word_1_445' title='bbox 3542 1668 3737 1747; x_wconf 63' lang='lat' dir='ltr'><strong><em>quiden,</em></strong></span> 
     </span>
     <span class='ocr_line' id='line_1_68' title="bbox 2246 1764 3739 1849; baseline -0.005 -20"><span class='ocrx_word' id='word_1_446' title='bbox 2246 1768 2397 1847; x_wconf 75' lang='lat' dir='ltr'><strong><em>quia</em></strong></span> <span class='ocrx_word' id='word_1_447' title='bbox 2424 1770 2861 1849; x_wconf 83' lang='lat' dir='ltr'><strong><em>consequuntur</em></strong></span> <span class='ocrx_word' id='word_1_448' title='bbox 2888 1764 3294 1828; x_wconf 75' lang='lat' dir='ltr'><strong><em>communiter</em></strong></span> <span class='ocrx_word' id='word_1_449' title='bbox 3322 1765 3511 1825; x_wconf 77' lang='lat' dir='ltr'><strong><em>totam</em></strong></span> <span class='ocrx_word' id='word_1_450' title='bbox 3530 1767 3739 1821; x_wconf 71' lang='lat' dir='ltr'><strong><em>naturam</em></strong></span> 
     </span>
     <span class='ocr_line' id='line_1_69' title="bbox 2247 1850 3737 1935; baseline -0.003 -13"><span class='ocrx_word' id='word_1_451' title='bbox 2247 1860 2571 1924; x_wconf 69' lang='lat' dir='ltr'><strong><em>humanam</em></strong></span> <span class='ocrx_word' id='word_1_452' title='bbox 2594 1904 2613 1935; x_wconf 91' lang='lat'><strong><em>,</em></strong></span> <span class='ocrx_word' id='word_1_453' title='bbox 2658 1856 3126 1922; x_wconf 74' lang='lat' dir='ltr'><strong><em>indetrectibiles</em></strong></span> <span class='ocrx_word' id='word_1_454' title='bbox 3168 1860 3383 1919; x_wconf 80' lang='lat' dir='ltr'><strong><em>autem</em></strong></span> <span class='ocrx_word' id='word_1_455' title='bbox 3400 1899 3419 1929; x_wconf 91' lang='lat'>‚</span> <span class='ocrx_word' id='word_1_456' title='bbox 3462 1850 3589 1935; x_wconf 79' lang='lat' dir='ltr'><strong><em>quia</em></strong></span> <span class='ocrx_word' id='word_1_457' title='bbox 3618 1854 3737 1929; x_wconf 73' lang='lat' dir='ltr'><strong><em>desu-</em></strong></span> 
     </span>
     <span class='ocr_line' id='line_1_70' title="bbox 2246 1951 3537 2037; baseline -0.009 -18"><span class='ocrx_word' id='word_1_458' title='bbox 2246 1960 2373 2019; x_wconf 81' lang='lat' dir='ltr'><strong><em>tum</em></strong></span> <span class='ocrx_word' id='word_1_459' title='bbox 2402 1954 2675 2018; x_wconf 78' lang='lat' dir='ltr'><strong><em>scientia·</em></strong></span> <span class='ocrx_word' id='word_1_460' title='bbox 2702 1958 2759 2017; x_wconf 86' lang='lat' dir='ltr'><strong><em>et</em></strong></span> <span class='ocrx_word' id='word_1_461' title='bbox 2778 1954 2999 2037; x_wconf 64' lang='lat' dir='ltr'><strong><em>qratioe</em></strong></span> <span class='ocrx_word' id='word_1_462' title='bbox 3022 1968 3145 2013; x_wconf 85' lang='lat' dir='ltr'><strong><em>non</em></strong></span> <span class='ocrx_word' id='word_1_463' title='bbox 3172 1951 3537 2031; x_wconf 78' lang='lat' dir='ltr'><strong><em>important.</em></strong></span> 
     </span>
    </p>

    <p class='ocr_par' dir='ltr' id='par_1_17' title="bbox 2244 2044 3735 2783">
     <span class='ocr_line' id='line_1_71' title="bbox 2325 2044 3734 2132; baseline -0.007 -19"><span class='ocrx_word' id='word_1_464' title='bbox 2325 2050 2433 2113; x_wconf 84' lang='lat' dir='ltr'><strong><em>Ad</em></strong></span> <span class='ocrx_word' id='word_1_465' title='bbox 2444 2050 2714 2132; x_wconf 88' lang='lat' dir='ltr'><strong><em>primum</em></strong></span> <span class='ocrx_word' id='word_1_466' title='bbox 2740 2065 2879 2127; x_wconf 71' lang='lat' dir='ltr'><strong><em>erqo</em></strong></span> <span class='ocrx_word' id='word_1_467' title='bbox 2908 2048 3246 2122; x_wconf 84' lang='lat' dir='ltr'><strong><em>dicendum,</em></strong></span> <span class='ocrx_word' id='word_1_468' title='bbox 3276 2044 3443 2127; x_wconf 80' lang='lat' dir='ltr'><strong><em>quod</em></strong></span> <span class='ocrx_word' id='word_1_469' title='bbox 3462 2060 3633 2104; x_wconf 85' lang='lat' dir='ltr'><strong><em>omnes</em></strong></span> <span class='ocrx_word' id='word_1_470' title='bbox 3644 2058 3734 2124; x_wconf 77' lang='lat' dir='ltr'><strong><em>per·</em></strong></span> 
     </span>
     <span class='ocr_line' id='line_1_72' title="bbox 2247 2142 3735 2220; baseline -0.009 -12"><span class='ocrx_word' id='word_1_471' title='bbox 2247 2144 2538 2209; x_wconf 84' lang='lat' dir='ltr'><strong><em>ticulares</em></strong></span> <span class='ocrx_word' id='word_1_472' title='bbox 2574 2144 2846 2220; x_wconf 79' lang='lat' dir='ltr'><strong><em>defectus</em></strong></span> <span class='ocrx_word' id='word_1_473' title='bbox 2878 2142 3189 2205; x_wconf 71' lang='lat' dir='ltr'><strong><em>hominum</em></strong></span> <span class='ocrx_word' id='word_1_474' title='bbox 3220 2142 3557 2202; x_wconf 80' lang='lat' dir='ltr'><strong><em>causantur</em></strong></span> <span class='ocrx_word' id='word_1_475' title='bbox 3578 2154 3637 2199; x_wconf 73' lang='lat' dir='ltr'><strong><em>es</em></strong></span> <span class='ocrx_word' id='word_1_476' title='bbox 3656 2154 3735 2197; x_wconf 76' lang='lat' dir='ltr'><strong><em>ccr-</em></strong></span> 
     </span>
     <span class='ocr_line' id='line_1_73' title="bbox 2244 2228 3735 2317; baseline -0.009 -16"><span class='ocrx_word' id='word_1_477' title='bbox 2244 2238 2653 2317; x_wconf 80' lang='lat' dir='ltr'><strong><em>ruptibilitate</em></strong></span> <span class='ocrx_word' id='word_1_478' title='bbox 2682 2240 2740 2299; x_wconf 88' lang='lat' dir='ltr'><strong><em>et</em></strong></span> <span class='ocrx_word' id='word_1_479' title='bbox 2760 2233 3174 2317; x_wconf 80' lang='lat' dir='ltr'><strong><em>passibilitate</em></strong></span> <span class='ocrx_word' id='word_1_480' title='bbox 3202 2230 3501 2311; x_wconf 85' lang='lat' dir='ltr'><strong><em>corporis,</em></strong></span> <span class='ocrx_word' id='word_1_481' title='bbox 3533 2228 3735 2308; x_wconf 75' lang='lat' dir='ltr'><strong><em>superad-</em></strong></span> 
     </span>
     <span class='ocr_line' id='line_1_74' title="bbox 2246 2322 3733 2413; baseline -0.009 -18"><span class='ocrx_word' id='word_1_482' title='bbox 2246 2330 2395 2395; x_wconf 83' lang='lat' dir='ltr'><strong><em>ditis</em></strong></span> <span class='ocrx_word' id='word_1_483' title='bbox 2414 2332 2767 2413; x_wconf 84' lang='lat' dir='ltr'><strong><em>quibusdam</em></strong></span> <span class='ocrx_word' id='word_1_484' title='bbox 2784 2327 3277 2413; x_wconf 83' lang='lat' dir='ltr'><strong><em>particularibus</em></strong></span> <span class='ocrx_word' id='word_1_485' title='bbox 3298 2326 3523 2387; x_wconf 77' lang='lat' dir='ltr'><strong><em>causis.</em></strong></span> <span class='ocrx_word' id='word_1_486' title='bbox 3548 2324 3625 2384; x_wconf 80' lang='lat' dir='ltr'><strong><em>Bt</em></strong></span> <span class='ocrx_word' id='word_1_487' title='bbox 3638 2322 3733 2392; x_wconf 75' lang='lat' dir='ltr'><strong><em>ideo,</em></strong></span> 
     </span>
     <span class='ocr_line' id='line_1_75' title="bbox 2248 2418 3733 2501; baseline -0.009 -12"><span class='ocrx_word' id='word_1_488' title='bbox 2248 2442 2383 2489; x_wconf 83' lang='lat' dir='ltr'><strong><em>cum</em></strong></span> <span class='ocrx_word' id='word_1_489' title='bbox 2432 2424 2715 2489; x_wconf 71' lang='lat' dir='ltr'><strong><em>Christus</em></strong></span> <span class='ocrx_word' id='word_1_490' title='bbox 2750 2422 3055 2486; x_wconf 71' lang='lat' dir='ltr'><strong><em>curat-erit</em></strong></span> <span class='ocrx_word' id='word_1_491' title='bbox 3097 2418 3568 2501; x_wconf 83' lang='lat' dir='ltr'><strong><em>passibilitatem</em></strong></span> <span class='ocrx_word' id='word_1_492' title='bbox 3595 2418 3733 2476; x_wconf 79' lang='lat' dir='ltr'><strong><em>etcor-</em></strong></span> 
     </span>
     <span class='ocr_line' id='line_1_76' title="bbox 2244 2506 3735 2598; baseline -0.008 -19"><span class='ocrx_word' id='word_1_493' title='bbox 2244 2518 2717 2598; x_wconf 85' lang='lat' dir='ltr'><strong><em>ruptibilitatem</em></strong></span> <span class='ocrx_word' id='word_1_494' title='bbox 2764 2515 3035 2596; x_wconf 78' lang='lat' dir='ltr'><strong><em>corporis</em></strong></span> <span class='ocrx_word' id='word_1_495' title='bbox 3075 2513 3287 2577; x_wconf 84' lang='lat' dir='ltr'><strong><em>nostri</em></strong></span> <span class='ocrx_word' id='word_1_496' title='bbox 3306 2556 3323 2585; x_wconf 85' lang='lat'>,</span> <span class='ocrx_word' id='word_1_497' title='bbox 3364 2528 3476 2593; x_wconf 83' lang='lat' dir='ltr'><strong><em>per</em></strong></span> <span class='ocrx_word' id='word_1_498' title='bbox 3514 2508 3607 2569; x_wconf 81' lang='lat' dir='ltr'><strong><em>boc</em></strong></span> <span class='ocrx_word' id='word_1_499' title='bbox 3638 2506 3735 2587; x_wconf 71' lang='lat' dir='ltr'><strong><em>quoa</em></strong></span> 
     </span>
     <span class='ocr_line' id='line_1_77' title="bbox 2248 2598 3733 2692; baseline -0.01 -17"><span class='ocrx_word' id='word_1_500' title='bbox 2248 2628 2381 2675; x_wconf 89' lang='lat' dir='ltr'><strong><em>eam</em></strong></span> <span class='ocrx_word' id='word_1_501' title='bbox 2406 2611 2772 2692; x_wconf 82' lang='lat' dir='ltr'><strong><em>assumpsit,</em></strong></span> <span class='ocrx_word' id='word_1_502' title='bbox 2810 2627 2883 2673; x_wconf 70' lang='lat' dir='ltr'><strong><em>ecc</em></strong></span> <span class='ocrx_word' id='word_1_503' title='bbox 2914 2604 3301 2689; x_wconf 67' lang='lat' dir='ltr'><strong><em>consequenti</em></strong></span> <span class='ocrx_word' id='word_1_504' title='bbox 3322 2618 3519 2667; x_wconf 79' lang='lat' dir='ltr'><strong><em>omnes</em></strong></span> <span class='ocrx_word' id='word_1_505' title='bbox 3543 2599 3663 2663; x_wconf 75' lang='lat' dir='ltr'><strong><em>alios</em></strong></span> <span class='ocrx_word' id='word_1_506' title='bbox 3677 2598 3733 2661; x_wconf 81' lang='lat' dir='ltr'><strong><em>dc-</em></strong></span> 
     </span>
     <span class='ocr_line' id='line_1_78' title="bbox 2246 2707 2727 2783; baseline -0.004 -14"><span class='ocrx_word' id='word_1_507' title='bbox 2246 2710 2439 2783; x_wconf 78' lang='lat' dir='ltr'><strong><em>sectus</em></strong></span> <span class='ocrx_word' id='word_1_508' title='bbox 2464 2707 2727 2770; x_wconf 84' lang='lat' dir='ltr'><strong><em>curavit.</em></strong></span> 
     </span>
    </p>

    <p class='ocr_par' dir='ltr' id='par_1_18' title="bbox 2238 2786 3781 3803">
     <span class='ocr_line' id='line_1_79' title="bbox 2325 2786 3781 2876; baseline -0.01 -13"><span class='ocrx_word' id='word_1_509' title='bbox 2325 2797 2427 2863; x_wconf 81' lang='lat' dir='ltr'><strong><em>Ad</em></strong></span> <span class='ocrx_word' id='word_1_510' title='bbox 2448 2799 2769 2865; x_wconf 84' lang='lat' dir='ltr'><strong><em>secundum</em></strong></span> <span class='ocrx_word' id='word_1_511' title='bbox 2798 2796 3137 2871; x_wconf 80' lang='lat' dir='ltr'><strong><em>dicendum,</em></strong></span> <span class='ocrx_word' id='word_1_512' title='bbox 3168 2792 3337 2876; x_wconf 77' lang='lat' dir='ltr'><strong><em>quod</em></strong></span> <span class='ocrx_word' id='word_1_513' title='bbox 3360 2786 3641 2873; x_wconf 78' lang='lat' dir='ltr'><strong><em>plenitudo</em></strong></span> <span class='ocrx_word' id='word_1_514' title='bbox 3656 2803 3728 2849; x_wconf 78' lang='lat' dir='ltr'><strong><em>om-</em></strong></span> <span class='ocrx_word' id='word_1_515' title='bbox 3779 2800 3781 2817; x_wconf 76' lang='lat'><strong>²</strong></span> 
     </span>
     <span class='ocr_line' id='line_1_80' title="bbox 2241 2883 3728 2977; baseline -0.011 -20"><span class='ocrx_word' id='word_1_516' title='bbox 2241 2894 2345 2957; x_wconf 84' lang='lat' dir='ltr'><strong><em>nis</em></strong></span> <span class='ocrx_word' id='word_1_517' title='bbox 2382 2894 2607 2977; x_wconf 66' lang='lat' dir='ltr'><strong><em>pratia:=</em></strong></span> <span class='ocrx_word' id='word_1_518' title='bbox 2646 2899 2707 2958; x_wconf 88' lang='lat' dir='ltr'><strong><em>et</em></strong></span> <span class='ocrx_word' id='word_1_519' title='bbox 2734 2892 3007 2956; x_wconf 83' lang='lat' dir='ltr'><strong><em>scientia·</em></strong></span> <span class='ocrx_word' id='word_1_520' title='bbox 3036 2934 3053 2965; x_wconf 93' lang='lat'>‚</span> <span class='ocrx_word' id='word_1_521' title='bbox 3094 2886 3319 2953; x_wconf 77' lang='lat' dir='ltr'><strong><em>animes</em></strong></span> <span class='ocrx_word' id='word_1_522' title='bbox 3350 2883 3579 2951; x_wconf 77' lang='lat' dir='ltr'><strong><em>Christi</em></strong></span> <span class='ocrx_word' id='word_1_523' title='bbox 3600 2896 3728 2944; x_wconf 73' lang='lat' dir='ltr'><strong><em>secun-</em></strong></span> 
     </span>
     <span class='ocr_line' id='line_1_81' title="bbox 2242 2972 3729 3064; baseline -0.012 -13"><span class='ocrx_word' id='word_1_524' title='bbox 2242 2988 2385 3051; x_wconf 83' lang='lat' dir='ltr'><strong><em>dum</em></strong></span> <span class='ocrx_word' id='word_1_525' title='bbox 2405 3006 2467 3052; x_wconf 86' lang='lat' dir='ltr'><strong><em>se</em></strong></span> <span class='ocrx_word' id='word_1_526' title='bbox 2489 2988 2825 3063; x_wconf 87' lang='lat' dir='ltr'><strong><em>debebatur,</em></strong></span> <span class='ocrx_word' id='word_1_527' title='bbox 2858 3002 2931 3049; x_wconf 73' lang='lat' dir='ltr'><strong><em>ea</em></strong></span> <span class='ocrx_word' id='word_1_528' title='bbox 2951 2986 3056 3048; x_wconf 73' lang='lat' dir='ltr'><strong><em>boc</em></strong></span> <span class='ocrx_word' id='word_1_529' title='bbox 3070 2984 3209 3064; x_wconf 83' lang='lat' dir='ltr'><strong><em>ipso</em></strong></span> <span class='ocrx_word' id='word_1_530' title='bbox 3226 2981 3395 3063; x_wconf 81' lang='lat' dir='ltr'><strong><em>quod</em></strong></span> <span class='ocrx_word' id='word_1_531' title='bbox 3410 2983 3539 3043; x_wconf 86' lang='lat' dir='ltr'><strong><em>erat</em></strong></span> <span class='ocrx_word' id='word_1_532' title='bbox 3558 2996 3589 3039; x_wconf 91' lang='lat' dir='ltr'><strong><em>a</em></strong></span> <span class='ocrx_word' id='word_1_533' title='bbox 3616 2972 3729 3039; x_wconf 66' lang='lat' dir='ltr'><strong><em>Vsu</em></strong></span> 
     </span>
     <span class='ocr_line' id='line_1_82' title="bbox 2241 3068 3729 3163; baseline -0.013 -18"><span class='ocrx_word' id='word_1_534' title='bbox 2241 3082 2361 3144; x_wconf 87' lang='lat' dir='ltr'><strong><em>Dei</em></strong></span> <span class='ocrx_word' id='word_1_535' title='bbox 2388 3086 2701 3163; x_wconf 84' lang='lat' dir='ltr'><strong><em>assumpta</em></strong></span> <span class='ocrx_word' id='word_1_536' title='bbox 2716 3104 2743 3154; x_wconf 91' lang='lat'><strong><em>,·</em></strong></span> <span class='ocrx_word' id='word_1_537' title='bbox 2772 3084 2831 3143; x_wconf 91' lang='lat' dir='ltr'><strong><em>et</em></strong></span> <span class='ocrx_word' id='word_1_538' title='bbox 2858 3080 2987 3142; x_wconf 88' lang='lat' dir='ltr'><strong><em>ideo</em></strong></span> <span class='ocrx_word' id='word_1_539' title='bbox 3014 3075 3285 3143; x_wconf 81' lang='lat' dir='ltr'><strong><em>absolute</em></strong></span> <span class='ocrx_word' id='word_1_540' title='bbox 3310 3091 3533 3137; x_wconf 83' lang='lat' dir='ltr'><strong><em>omnem</em></strong></span> <span class='ocrx_word' id='word_1_541' title='bbox 3548 3068 3729 3151; x_wconf 67' lang='lat' dir='ltr'><strong><em>plenite-</em></strong></span> 
     </span>
     <span class='ocr_line' id='line_1_83' title="bbox 2240 3160 3727 3263; baseline -0.008 -26"><span class='ocrx_word' id='word_1_542' title='bbox 2240 3174 2437 3237; x_wconf 85' lang='lat' dir='ltr'><strong><em>dinem</em></strong></span> <span class='ocrx_word' id='word_1_543' title='bbox 2464 3174 2780 3255; x_wconf 81' lang='lat' dir='ltr'><strong><em>sapientioe</em></strong></span> <span class='ocrx_word' id='word_1_544' title='bbox 2806 3178 2861 3237; x_wconf 88' lang='lat' dir='ltr'><strong><em>et</em></strong></span> <span class='ocrx_word' id='word_1_545' title='bbox 2885 3172 3108 3253; x_wconf 71' lang='lat' dir='ltr'><strong><em>qratioe</em></strong></span> <span class='ocrx_word' id='word_1_546' title='bbox 3136 3170 3430 3236; x_wconf 74' lang='lat' dir='ltr'><strong><em>Christus</em></strong></span> <span class='ocrx_word' id='word_1_547' title='bbox 3457 3160 3727 3263; x_wconf 47' lang='lat' dir='ltr'><strong><em>assumpsit·</em></strong></span> 
     </span>
     <span class='ocr_line' id='line_1_84' title="bbox 2244 3254 3781 3355; baseline -0.007 -23"><span class='ocrx_word' id='word_1_548' title='bbox 2244 3266 2377 3332; x_wconf 81' lang='lat' dir='ltr'><strong><em>Sed</em></strong></span> <span class='ocrx_word' id='word_1_549' title='bbox 2414 3268 2671 3346; x_wconf 75' lang='lat' dir='ltr'><strong><em>defectus</em></strong></span> <span class='ocrx_word' id='word_1_550' title='bbox 2709 3271 2948 3329; x_wconf 88' lang='lat' dir='ltr'><strong><em>nostros</em></strong></span> <span class='ocrx_word' id='word_1_551' title='bbox 2986 3258 3411 3347; x_wconf 71' lang='lat' dir='ltr'><strong><em>dispensative</em></strong></span> <span class='ocrx_word' id='word_1_552' title='bbox 3440 3255 3729 3355; x_wconf 43' lang='lat' dir='ltr'><strong><em>assumuth·</em></strong></span> <span class='ocrx_word' id='word_1_553' title='bbox 3779 3254 3781 3303; x_wconf 88' lang='lat'>:</span> 
     </span>
     <span class='ocr_line' id='line_1_85' title="bbox 2238 3346 3729 3445; baseline -0.008 -22"><span class='ocrx_word' id='word_1_554' title='bbox 2238 3366 2311 3423; x_wconf 86' lang='lat' dir='ltr'><strong><em>ut</em></strong></span> <span class='ocrx_word' id='word_1_555' title='bbox 2330 3376 2445 3440; x_wconf 90' lang='lat' dir='ltr'><strong><em>pro</em></strong></span> <span class='ocrx_word' id='word_1_556' title='bbox 2474 3365 2711 3441; x_wconf 88' lang='lat' dir='ltr'><strong><em>peccato</em></strong></span> <span class='ocrx_word' id='word_1_557' title='bbox 2736 3364 2944 3422; x_wconf 87' lang='lat' dir='ltr'><strong><em>nostro</em></strong></span> <span class='ocrx_word' id='word_1_558' title='bbox 2978 3360 3399 3434; x_wconf 83' lang='lat' dir='ltr'><strong><em>satisfaceret,</em></strong></span> <span class='ocrx_word' id='word_1_559' title='bbox 3442 3368 3551 3413; x_wconf 81' lang='lat' dir='ltr'><strong><em>non</em></strong></span> <span class='ocrx_word' id='word_1_560' title='bbox 3573 3346 3729 3445; x_wconf 51' lang='lat' dir='ltr'><strong><em>quiae</em></strong></span> 
     </span>
     <span class='ocr_line' id='line_1_86' title="bbox 2240 3436 3727 3539; baseline -0.009 -21"><span class='ocrx_word' id='word_1_561' title='bbox 2240 3456 2562 3518; x_wconf 83' lang='lat' dir='ltr'><strong><em>secundum</em></strong></span> <span class='ocrx_word' id='word_1_562' title='bbox 2587 3472 2651 3517; x_wconf 89' lang='lat' dir='ltr'><strong><em>se</em></strong></span> <span class='ocrx_word' id='word_1_563' title='bbox 2675 3456 3085 3533; x_wconf 83' lang='lat' dir='ltr'><strong><em>competerent.</em></strong></span> <span class='ocrx_word' id='word_1_564' title='bbox 3118 3453 3210 3515; x_wconf 79' lang='lat' dir='ltr'><strong><em>Et</em></strong></span> <span class='ocrx_word' id='word_1_565' title='bbox 3235 3451 3371 3515; x_wconf 84' lang='lat' dir='ltr'><strong><em>ideo</em></strong></span> <span class='ocrx_word' id='word_1_566' title='bbox 3398 3461 3512 3508; x_wconf 78' lang='lat' dir='ltr'><strong><em>non</em></strong></span> <span class='ocrx_word' id='word_1_567' title='bbox 3537 3436 3727 3539; x_wconf 56' lang='lat' dir='ltr'><strong><em>operm}</em></strong></span> 
     </span>
     <span class='ocr_line' id='line_1_87' title="bbox 2240 3536 3727 3631; baseline -0.011 -20"><span class='ocrx_word' id='word_1_568' title='bbox 2240 3549 2400 3631; x_wconf 78' lang='lat' dir='ltr'><strong><em>quod</em></strong></span> <span class='ocrx_word' id='word_1_569' title='bbox 2442 3566 2641 3612; x_wconf 86' lang='lat' dir='ltr'><strong><em>omnes</em></strong></span> <span class='ocrx_word' id='word_1_570' title='bbox 2682 3552 3049 3623; x_wconf 84' lang='lat' dir='ltr'><strong><em>assumeret,</em></strong></span> <span class='ocrx_word' id='word_1_571' title='bbox 3088 3544 3198 3610; x_wconf 85' lang='lat' dir='ltr'><strong><em>sed</em></strong></span> <span class='ocrx_word' id='word_1_572' title='bbox 3236 3544 3437 3607; x_wconf 79' lang='lat' dir='ltr'><strong><em>solum</em></strong></span> <span class='ocrx_word' id='word_1_573' title='bbox 3480 3536 3633 3607; x_wconf 86' lang='lat' dir='ltr'><strong><em>illos,</em></strong></span> <span class='ocrx_word' id='word_1_574' title='bbox 3662 3542 3727 3610; x_wconf 62' lang='lat' dir='ltr'><strong><em>qn</em></strong></span> 
     </span>
     <span class='ocr_line' id='line_1_88' title="bbox 2242 3628 3725 3721; baseline -0.009 -16"><span class='ocrx_word' id='word_1_575' title='bbox 2242 3642 2619 3719; x_wconf 78' lang='lat' dir='ltr'><strong><em>sufficiebant</em></strong></span> <span class='ocrx_word' id='word_1_576' title='bbox 2648 3642 2731 3705; x_wconf 91' lang='lat' dir='ltr'><strong><em>ad</em></strong></span> <span class='ocrx_word' id='word_1_577' title='bbox 2758 3640 3270 3719; x_wconf 83' lang='lat' dir='ltr'><strong><em>satisfaciendum</em></strong></span> <span class='ocrx_word' id='word_1_578' title='bbox 3300 3654 3416 3721; x_wconf 89' lang='lat' dir='ltr'><strong><em>pro</em></strong></span> <span class='ocrx_word' id='word_1_579' title='bbox 3443 3632 3648 3715; x_wconf 78' lang='lat' dir='ltr'><strong><em>peccato</em></strong></span> <span class='ocrx_word' id='word_1_580' title='bbox 3671 3628 3725 3685; x_wconf 78' lang='lat' dir='ltr'><strong><em>to-</em></strong></span> 
     </span>
     <span class='ocr_line' id='line_1_89' title="bbox 2238 3738 2958 3803; baseline -0.01 -2"><span class='ocrx_word' id='word_1_581' title='bbox 2238 3738 2369 3803; x_wconf 88' lang='lat' dir='ltr'><strong><em>tius</em></strong></span> <span class='ocrx_word' id='word_1_582' title='bbox 2399 3738 2673 3800; x_wconf 72' lang='lat' dir='ltr'><strong><em>humana</em></strong></span> <span class='ocrx_word' id='word_1_583' title='bbox 2698 3742 2958 3799; x_wconf 72' lang='lat' dir='ltr'><strong><em>naturas.</em></strong></span> 
     </span>
    </p>

    <p class='ocr_par' dir='ltr' id='par_1_19' title="bbox 2238 3818 3723 4177">
     <span class='ocr_line' id='line_1_90' title="bbox 2319 3818 3723 3909; baseline -0.011 -17"><span class='ocrx_word' id='word_1_584' title='bbox 2319 3828 2419 3893; x_wconf 78' lang='lat' dir='ltr'><strong><em>Ad</em></strong></span> <span class='ocrx_word' id='word_1_585' title='bbox 2460 3831 2711 3893; x_wconf 83' lang='lat' dir='ltr'><strong><em>tertium</em></strong></span> <span class='ocrx_word' id='word_1_586' title='bbox 2740 3828 3079 3903; x_wconf 84' lang='lat' dir='ltr'><strong><em>dicendum,</em></strong></span> <span class='ocrx_word' id='word_1_587' title='bbox 3118 3827 3276 3909; x_wconf 82' lang='lat' dir='ltr'><strong><em>quod</em></strong></span> <span class='ocrx_word' id='word_1_588' title='bbox 3306 3840 3470 3889; x_wconf 82' lang='lat' dir='ltr'><strong><em>mors</em></strong></span> <span class='ocrx_word' id='word_1_589' title='bbox 3504 3818 3567 3882; x_wconf 81' lang='lat' dir='ltr'><strong><em>in</em></strong></span> <span class='ocrx_word' id='word_1_590' title='bbox 3590 3824 3723 3877; x_wconf 68' lang='lat' dir='ltr'><strong><em>omues</em></strong></span> 
     </span>
     <span class='ocr_line' id='line_1_91' title="bbox 2242 3912 3723 4004; baseline -0.005 -17"><span class='ocrx_word' id='word_1_591' title='bbox 2242 3926 2506 3988; x_wconf 65' lang='lat' dir='ltr'><strong><em>nomines</em></strong></span> <span class='ocrx_word' id='word_1_592' title='bbox 2528 3922 2757 3987; x_wconf 82' lang='lat' dir='ltr'><strong><em>devenit</em></strong></span> <span class='ocrx_word' id='word_1_593' title='bbox 2786 3940 2859 3985; x_wconf 70' lang='lat' dir='ltr'><strong><em>ece</em></strong></span> <span class='ocrx_word' id='word_1_594' title='bbox 2882 3928 3120 4004; x_wconf 86' lang='lat' dir='ltr'><strong><em>peccato</em></strong></span> <span class='ocrx_word' id='word_1_595' title='bbox 3138 3921 3335 3999; x_wconf 84' lang='lat' dir='ltr'><strong><em>primi</em></strong></span> <span class='ocrx_word' id='word_1_596' title='bbox 3348 3912 3637 3999; x_wconf 70' lang='lat' dir='ltr'><strong><em>parentis}</em></strong></span> <span class='ocrx_word' id='word_1_597' title='bbox 3652 3918 3723 3966; x_wconf 64' lang='grc' dir='ltr'>Μ</span> 
     </span>
     <span class='ocr_line' id='line_1_92' title="bbox 2242 4000 3720 4099; baseline -0.009 -19"><span class='ocrx_word' id='word_1_598' title='bbox 2242 4022 2438 4082; x_wconf 85' lang='lat' dir='ltr'><strong><em>autem</em></strong></span> <span class='ocrx_word' id='word_1_599' title='bbox 2478 4019 2721 4099; x_wconf 83' lang='lat' dir='ltr'><strong><em>quidam</em></strong></span> <span class='ocrx_word' id='word_1_600' title='bbox 2754 4016 2868 4081; x_wconf 81' lang='lat' dir='ltr'><strong><em>alii</em></strong></span> <span class='ocrx_word' id='word_1_601' title='bbox 2910 4016 3177 4094; x_wconf 82' lang='lat' dir='ltr'><strong><em>desectus</em></strong></span> <span class='ocrx_word' id='word_1_602' title='bbox 3196 4060 3217 4091; x_wconf 90' lang='lat'><em>‚</em></span> <span class='ocrx_word' id='word_1_603' title='bbox 3265 4014 3415 4077; x_wconf 83' lang='lat' dir='ltr'><strong><em>licet</em></strong></span> <span class='ocrx_word' id='word_1_604' title='bbox 3452 4009 3576 4073; x_wconf 85' lang='lat' dir='ltr'><strong><em>sint.</em></strong></span> <span class='ocrx_word' id='word_1_605' title='bbox 3592 4000 3720 4064; x_wconf 61' lang='lat' dir='ltr'><strong><em>mor&amp;</em></strong></span> 
     </span>
     <span class='ocr_line' id='line_1_93' title="bbox 2238 4108 3447 4177; baseline -0.008 -2"><span class='ocrx_word' id='word_1_606' title='bbox 2238 4112 2522 4175; x_wconf 86' lang='lat' dir='ltr'><strong><em>minores.</em></strong></span> <span class='ocrx_word' id='word_1_607' title='bbox 2564 4111 2731 4177; x_wconf 85' lang='lat' dir='ltr'><strong><em>Unde</em></strong></span> <span class='ocrx_word' id='word_1_608' title='bbox 2756 4128 2875 4174; x_wconf 87' lang='lat' dir='ltr'><strong><em>non</em></strong></span> <span class='ocrx_word' id='word_1_609' title='bbox 2896 4114 2985 4174; x_wconf 88' lang='lat' dir='ltr'><strong><em>est</em></strong></span> <span class='ocrx_word' id='word_1_610' title='bbox 3006 4108 3231 4173; x_wconf 84' lang='lat' dir='ltr'><strong><em>similis</em></strong></span> <span class='ocrx_word' id='word_1_611' title='bbox 3258 4108 3447 4172; x_wconf 88' lang='lat' dir='ltr'><strong><em>ratio.</em></strong></span> 
     </span>
    </p>
   </div>
   <div class='ocr_carea' id='block_1_10' title="bbox 2704 4310 3333 4375">
    <p class='ocr_par' dir='ltr' id='par_1_20' title="bbox 2704 4310 3333 4375">
     <span class='ocr_line' id='line_1_94' title="bbox 2704 4310 3333 4375; baseline -0.005 0"><span class='ocrx_word' id='word_1_612' title='bbox 2704 4310 3333 4375; x_wconf 81' lang='lat' dir='ltr'><strong><em>COMMENTARIUS.</em></strong></span> 
     </span>
    </p>
   </div>
   <div class='ocr_carea' id='block_1_11' title="bbox 2242 4480 3719 5303">
    <p class='ocr_par' dir='ltr' id='par_1_21' title="bbox 2242 4480 3719 5303">
     <span class='ocr_line' id='line_1_95' title="bbox 2323 4480 3719 4569; baseline -0.016 -17"><span class='ocrx_word' id='word_1_613' title='bbox 2323 4492 2382 4549; x_wconf 90' lang='grc'><strong>1.</strong></span> <span class='ocrx_word' id='word_1_614' title='bbox 2428 4486 2710 4568; x_wconf 80' lang='lat' dir='ltr'><strong><em>objectio.</em></strong></span> <span class='ocrx_word' id='word_1_615' title='bbox 2750 4522 2830 4533; x_wconf 93' lang='lat'><strong>—</strong></span> <span class='ocrx_word' id='word_1_616' title='bbox 2854 4486 3211 4569; x_wconf 82' lang='lat' dir='ltr'><strong><em>Responsio.</em></strong></span> <span class='ocrx_word' id='word_1_617' title='bbox 3236 4518 3321 4535; x_wconf 91' lang='lat'><strong><em>--</em></strong></span> <span class='ocrx_word' id='word_1_618' title='bbox 3346 4480 3553 4547; x_wconf 87' lang='lat' dir='ltr'><strong><em>Tribus</em></strong></span> <span class='ocrx_word' id='word_1_619' title='bbox 3578 4483 3719 4534; x_wconf 82' lang='lat' dir='ltr'><strong><em>asser-</em></strong></span> 
     </span>
     <span class='ocr_line' id='line_1_96' title="bbox 2242 4572 3716 4660; baseline -0.003 -17"><span class='ocrx_word' id='word_1_620' title='bbox 2242 4580 2519 4644; x_wconf 80' lang='lat' dir='ltr'><strong><em>tionibus</em></strong></span> <span class='ocrx_word' id='word_1_621' title='bbox 2534 4582 2606 4643; x_wconf 93' lang='lat' dir='ltr'><strong><em>D.</em></strong></span> <span class='ocrx_word' id='word_1_622' title='bbox 2624 4582 2896 4643; x_wconf 83' lang='lat' dir='ltr'><strong><em>Thomas</em></strong></span> <span class='ocrx_word' id='word_1_623' title='bbox 2924 4577 3285 4660; x_wconf 82' lang='lat' dir='ltr'><strong><em>respondet.</em></strong></span> <span class='ocrx_word' id='word_1_624' title='bbox 3303 4578 3501 4642; x_wconf 84' lang='lat' dir='ltr'><strong><em>Prima</em></strong></span> <span class='ocrx_word' id='word_1_625' title='bbox 3528 4572 3716 4638; x_wconf 73' lang='lat' dir='ltr'><strong><em>esbfl⁰¹¹</em></strong></span> 
     </span>
     <span class='ocr_line' id='line_1_97' title="bbox 2244 4660 3717 4755; baseline -0.006 -19"><span class='ocrx_word' id='word_1_626' title='bbox 2244 4674 2659 4755; x_wconf 81' lang='lat' dir='ltr'><strong><em>assumpsisse</em></strong></span> <span class='ocrx_word' id='word_1_627' title='bbox 2689 4674 2996 4735; x_wconf 81' lang='lat' dir='ltr'><strong><em>Christum</em></strong></span> <span class='ocrx_word' id='word_1_628' title='bbox 3023 4672 3162 4736; x_wconf 89' lang='lat' dir='ltr'><strong><em>illos</em></strong></span> <span class='ocrx_word' id='word_1_629' title='bbox 3192 4671 3486 4741; x_wconf 83' lang='lat' dir='ltr'><strong><em>defectus,</em></strong></span> <span class='ocrx_word' id='word_1_630' title='bbox 3516 4660 3717 4743; x_wconf 80' lang='lat' dir='ltr'><strong><em>quicum</em></strong></span> 
     </span>
     <span class='ocr_line' id='line_1_98' title="bbox 2246 4748 3715 4856; baseline -0.012 -24"><span class='ocrx_word' id='word_1_631' title='bbox 2246 4770 2521 4835; x_wconf 72' lang='lat' dir='ltr'><strong><em>scientiae</em></strong></span> <span class='ocrx_word' id='word_1_632' title='bbox 2549 4775 2615 4833; x_wconf 83' lang='lat' dir='ltr'><strong><em>et</em></strong></span> <span class='ocrx_word' id='word_1_633' title='bbox 2640 4770 2855 4851; x_wconf 74' lang='lat' dir='ltr'><strong><em>gratiae</em></strong></span> <span class='ocrx_word' id='word_1_634' title='bbox 2888 4767 3273 4849; x_wconf 69' lang='lat' dir='ltr'><strong><em>perfectione</em></strong></span> <span class='ocrx_word' id='word_1_635' title='bbox 3310 4748 3715 4856; x_wconf 35' lang='lat' dir='ltr'><strong><em>pugnant-Haec</em></strong></span> 
     </span>
     <span class='ocr_line' id='line_1_99' title="bbox 2248 4838 3715 4941; baseline -0.016 -16"><span class='ocrx_word' id='word_1_636' title='bbox 2248 4863 2400 4926; x_wconf 80' lang='lat' dir='ltr'><strong><em>satis</em></strong></span> <span class='ocrx_word' id='word_1_637' title='bbox 2444 4868 2690 4925; x_wconf 83' lang='lat' dir='ltr'><strong><em>constat</em></strong></span> <span class='ocrx_word' id='word_1_638' title='bbox 2728 4880 2805 4923; x_wconf 86' lang='lat' dir='ltr'><strong><em>ex</em></strong></span> <span class='ocrx_word' id='word_1_639' title='bbox 2848 4861 2923 4927; x_wconf 84' lang='lat' dir='ltr'><strong><em>iis</em></strong></span> <span class='ocrx_word' id='word_1_640' title='bbox 2974 4880 3115 4941; x_wconf 79' lang='lat' dir='ltr'><strong><em>quae</em></strong></span> <span class='ocrx_word' id='word_1_641' title='bbox 3152 4879 3342 4941; x_wconf 83' lang='lat' dir='ltr'><strong><em>supra</em></strong></span> <span class='ocrx_word' id='word_1_642' title='bbox 3370 4858 3445 4920; x_wconf 88' lang='lat' dir='ltr'><strong><em>de</em></strong></span> <span class='ocrx_word' id='word_1_643' title='bbox 3476 4853 3641 4935; x_wconf 76' lang='lat' dir='ltr'><strong><em>grana</em></strong></span> <span class='ocrx_word' id='word_1_644' title='bbox 3678 4838 3715 4895; x_wconf 62' lang='lat' dir='ltr'><strong><em>el</em></strong></span> 
     </span>
     <span class='ocr_line' id='line_1_100' title="bbox 2250 4942 3715 5039; baseline -0.014 -20"><span class='ocrx_word' id='word_1_645' title='bbox 2250 4957 2509 5019; x_wconf 82' lang='lat' dir='ltr'><strong><em>seientia</em></strong></span> <span class='ocrx_word' id='word_1_646' title='bbox 2550 4955 2766 5019; x_wconf 83' lang='lat' dir='ltr'><strong><em>Christi</em></strong></span> <span class='ocrx_word' id='word_1_647' title='bbox 2804 4952 2972 5016; x_wconf 81' lang='lat' dir='ltr'><strong><em>dieta</em></strong></span> <span class='ocrx_word' id='word_1_648' title='bbox 3008 4960 3175 5029; x_wconf 87' lang='lat' dir='ltr'><strong><em>sunt,</em></strong></span> <span class='ocrx_word' id='word_1_649' title='bbox 3213 4959 3274 5016; x_wconf 86' lang='lat' dir='ltr'><strong><em>et</em></strong></span> <span class='ocrx_word' id='word_1_650' title='bbox 3312 4974 3386 5015; x_wconf 87' lang='lat' dir='ltr'><strong><em>ex</em></strong></span> <span class='ocrx_word' id='word_1_651' title='bbox 3428 4949 3583 5031; x_wconf 81' lang='lat' dir='ltr'><strong><em>parte</em></strong></span> <span class='ocrx_word' id='word_1_652' title='bbox 3608 4942 3715 5039; x_wconf 56' lang='lat' dir='ltr'><strong><em>ttae·</em></strong></span> 
     </span>
     <span class='ocr_line' id='line_1_101' title="bbox 2248 5037 3713 5129; baseline -0.009 -14"><span class='ocrx_word' id='word_1_653' title='bbox 2248 5051 2439 5115; x_wconf 80' lang='lat' dir='ltr'><strong><em>tanda</em></strong></span> <span class='ocrx_word' id='word_1_654' title='bbox 2478 5057 2573 5113; x_wconf 90' lang='lat' dir='ltr'><strong><em>est</em></strong></span> <span class='ocrx_word' id='word_1_655' title='bbox 2615 5050 2743 5110; x_wconf 81' lang='lat' dir='ltr'><strong><em>late</em></strong></span> <span class='ocrx_word' id='word_1_656' title='bbox 2768 5048 3119 5129; x_wconf 74' lang='lat' dir='ltr'><strong><em>quaestione</em></strong></span> <span class='ocrx_word' id='word_1_657' title='bbox 3162 5044 3467 5128; x_wconf 82' lang='lat' dir='ltr'><strong><em>sequenti.</em></strong></span> <span class='ocrx_word' id='word_1_658' title='bbox 3494 5037 3607 5103; x_wconf 80' lang='lat' dir='ltr'><strong><em>Non</em></strong></span> <span class='ocrx_word' id='word_1_659' title='bbox 3639 5038 3713 5085; x_wconf 81' lang='lat'>¹¹¹1·</span> 
     </span>
     <span class='ocr_line' id='line_1_102' title="bbox 2246 5128 3714 5221; baseline -0.003 -14"><span class='ocrx_word' id='word_1_660' title='bbox 2246 5145 2469 5207; x_wconf 87' lang='lat' dir='ltr'><strong><em>merito</em></strong></span> <span class='ocrx_word' id='word_1_661' title='bbox 2509 5151 2723 5206; x_wconf 84' lang='lat' dir='ltr'><strong><em>tamen</em></strong></span> <span class='ocrx_word' id='word_1_662' title='bbox 2774 5148 3177 5221; x_wconf 80' lang='lat' dir='ltr'><strong><em>percontatur</em></strong></span> <span class='ocrx_word' id='word_1_663' title='bbox 3226 5142 3543 5221; x_wconf 76' lang='lat' dir='ltr'><strong><em>cajetanus</em></strong></span> <span class='ocrx_word' id='word_1_664' title='bbox 3575 5128 3714 5219; x_wconf 62' lang='lat' dir='ltr'><strong><em>quate</em></strong></span> 
     </span>
     <span class='ocr_line' id='line_1_103' title="bbox 2244 5213 3711 5303; baseline -0.014 0"><span class='ocrx_word' id='word_1_665' title='bbox 2244 5240 2319 5303; x_wconf 93' lang='lat' dir='ltr'><strong><em>D.</em></strong></span> <span class='ocrx_word' id='word_1_666' title='bbox 2346 5240 2619 5302; x_wconf 80' lang='lat' dir='ltr'><strong><em>Thomas</em></strong></span> <span class='ocrx_word' id='word_1_667' title='bbox 2650 5238 2873 5300; x_wconf 80' lang='lat' dir='ltr'><strong><em>herum</em></strong></span> <span class='ocrx_word' id='word_1_668' title='bbox 2902 5236 3259 5299; x_wconf 82' lang='lat' dir='ltr'><strong><em>defectuum</em></strong></span> <span class='ocrx_word' id='word_1_669' title='bbox 3288 5231 3627 5299; x_wconf 82' lang='lat' dir='ltr'><strong><em>mentionem</em></strong></span> <span class='ocrx_word' id='word_1_670' title='bbox 3644 5213 3711 5273; x_wconf 80' lang='lat' dir='ltr'><strong><em>luc</em></strong></span> 
     </span>
    </p>
   </div>
   <div class='ocr_carea' id='block_1_12' title="bbox 2241 5363 3775 5580">
    <p class='ocr_par' dir='ltr' id='par_1_22' title="bbox 2241 5363 3775 5580">
     <span class='ocr_line' id='line_1_104' title="bbox 2326 5363 3775 5580; baseline -0.013 -94"><span class='ocrx_word' id='word_1_671' title='bbox 2326 5424 2520 5580; x_wconf 43' lang='lat'><strong><em>3351).</em></strong></span> <span class='ocrx_word' id='word_1_672' title='bbox 2554 5425 2592 5486; x_wconf 77' lang='lat'><strong><em>1.</em></strong></span> <span class='ocrx_word' id='word_1_673' title='bbox 2618 5406 2793 5487; x_wconf 66' lang='lat' dir='ltr'><strong><em>offla.</em></strong></span> <span class='ocrx_word' id='word_1_674' title='bbox 2830 5420 2969 5500; x_wconf 67' lang='lat' dir='ltr'><strong><em>fid„</em></strong></span> <span class='ocrx_word' id='word_1_675' title='bbox 2999 5438 3055 5487; x_wconf 71' lang='grc' dir='ltr'><strong><em>ο.</em></strong></span> <span class='ocrx_word' id='word_1_676' title='bbox 3088 5423 3203 5499; x_wconf 74' lang='lat' dir='ltr'><strong><em>u,</em></strong></span> <span class='ocrx_word' id='word_1_677' title='bbox 3232 5420 3300 5485; x_wconf 79' lang='lat' dir='ltr'><strong><em>in</em></strong></span> <span class='ocrx_word' id='word_1_678' title='bbox 3326 5418 3465 5493; x_wconf 64' lang='lat' dir='ltr'><strong><em>fin„</em></strong></span> <span class='ocrx_word' id='word_1_679' title='bbox 3492 5417 3546 5477; x_wconf 70' lang='lat' dir='ltr'><strong><em>et</em></strong></span> <span class='ocrx_word' id='word_1_680' title='bbox 3567 5400 3646 5468; x_wconf 81' lang='lat' dir='ltr'><strong><em>1ih-</em></strong></span> <span class='ocrx_word' id='word_1_681' title='bbox 3669 5392 3707 5452; x_wconf 77' lang='lat'><strong><em>³-</em></strong></span> <span class='ocrx_word' id='word_1_682' title='bbox 3768 5363 3775 5379; x_wconf 81' lang='grc'><strong><em>’</em></strong></span> 
     </span>
     <span class='ocr_line' id='line_1_105' title="bbox 2241 5536 2429 5580; baseline 0.011 -2"><span class='ocrx_word' id='word_1_683' title='bbox 2241 5536 2297 5579; x_wconf 67' lang='grc' dir='ltr'><strong><em>(Β.</em></strong></span> <span class='ocrx_word' id='word_1_684' title='bbox 2416 5562 2429 5580; x_wconf 77' lang='lat'>0</span> 
     </span>
    </p>
   </div>
   <div class='ocr_carea' id='block_1_13' title="bbox 3768 0 3791 5238">
    <p class='ocr_par' dir='ltr' id='par_1_23' title="bbox 3768 0 3791 5238">
     <span class='ocr_line' id='line_1_106' title="bbox 3768 0 3791 5238; baseline 0 0"><span class='ocrx_word' id='word_1_685' title='bbox 3768 0 3791 5238; x_wconf 95' lang='lat' dir='ltr'><strong><em> </em></strong></span> 
     </span>
    </p>
   </div>
   <div class='ocr_carea' id='block_1_14' title="bbox 3782 5234 3785 6105">
    <p class='ocr_par' dir='ltr' id='par_1_24' title="bbox 3782 5234 3785 6105">
     <span class='ocr_line' id='line_1_107' title="bbox 3782 5234 3785 6105; baseline 0 0"><span class='ocrx_word' id='word_1_686' title='bbox 3782 5234 3785 6105; x_wconf 95' lang='lat' dir='ltr'><strong><em> </em></strong></span> 
     </span>
    </p>
   </div>
  </div>
 </body>
</html>
