3892 6167
1331 371 1651 425 mspuu'r.
1686 369 1829 422 xttt.
1866 371 2036 426 SECT.
2075 377 2112 428 1.

154 477 383 557 uspiam,
420 474 521 536 uhi
546 473 689 534 dic-it
716 469 953 534 renasci
983 471 1045 532 in
1074 469 1315 534 Christo
1344 491 1419 534 ex
1451 470 1683 550 Spiritu

152 573 383 643 Sancto,
412 584 545 628 nou
570 565 767 628 solum
792 563 1173 638 hominibusi,
1204 565 1316 626 sed
1346 565 1539 626 etiam
1562 566 1683 624 An-

152 662 291 742 gelis
331 660 525 724 fuisse
584 657 1003 722 necessarium
1028 676 1045 730 ;
1094 661 1213 720 art.
1262 675 1411 720 vero
1460 661 1521 731 8,
1572 657 1685 717 ali-

150 753 499 835 quantulum
526 772 565 814 a
588 750 913 832 principio,
934 751 1285 830 expressius
1311 750 1389 814 de
1416 751 1538 812 hoc
1558 751 1685 812 dis·

151 845 753 922 serenS,·c¹mctand0
780 845 1075 924 quidem,
1104 852 1319 908 tamen
1352 846 1515 907 hanc
1544 863 1685 924 par·-

152 949 262 1002 tem
302 940 697 1018 amplectitur
710 954 733 1015 ;
776 956 853 1000 ex
883 937 1164 1017 professo
1206 945 1421 1000 tamen
1468 937 1687 998 defen-

150 1037 289 1098 dunt
320 1035 477 1096 hanc
515 1032 889 1094 sententiam
924 1031 1291 1094 Catherinus
1320 1075 1336 1100 .
1388 1030 1495 1093 lib.
1538 1034 1569 1091 1
1604 1030 1685 1091 de

150 1127 365 1188 Rzimia
408 1125 639 1188 Christi
680 1124 1129 1204 praedestinat„
1172 1131 1234 1186 et
1260 1124 1327 1184 iu
1354 1141 1571 1202 opusc.
1604 1123 1685 1184 de

149 1221 335 1284 Gloria
351 1227 413 1281 et
436 1224 697 1299 peccato
717 1218 1125 1298 Angelorum;
1154 1217 1497 1291 Galatinus,
1520 1217 1629 1279 lib.
1648 1219 1689 1278 3

148 1315 215 1376 de
256 1314 514 1376 Arcauis
562 1310 884 1374 catholicae
934 1311 1213 1374 veritatis
1228 1355 1249 1386 ‚
1297 1329 1350 1372 c.
1384 1311 1683 1382 4310au.

146 1407 459 1482 Arboreus,
488 1406 601 1467 lib.
632 1405 670 1466 3
697 1403 1131 1483 Theosophiae‚
1164 1423 1221 1466 c.
1258 1405 1366 1476 13;
1398 1402 1686 1481 Viguer„

150 1498 691 1574 in1ns1itutionib.‚
711 1517 767 1558 c.
790 1499 893 1572 20,
918 1498 1027 1576 51,
1061 1497 1283 1558 versic.
1308 1498 1385 1569 43
1416 1494 1689 1556 Jacobus

150 1592 214 1652 de
244 1591 541 1666 Valentia,
574 1591 637 1651 in
664 1589 732 1651 id
756 1589 983 1652 Psalm.
1014 1591 1128 1652 102
1156 1609 1171 1649 z
1204 1588 1548 1654 Bmedieite
1566 1588 1691 1650 Do-

148 1687 357 1746 minum
378 1685 591 1746 omnia
608 1701 789 1764 opera
813 1682 945 1763 ejus
962 1709 989 1756 ;
1014 1683 1375 1756 Neclantus,
1399 1699 1589 1760 super
1606 1680 1691 1742 ad

148 1776 353 1858 EpheS.
388 1779 447 1852 1,
470 1781 537 1838 et
565 1777 631 1838 in
658 1774 768 1837 lib.
800 1777 979 1855 cujus
1006 1775 1223 1838 titulus
1246 1781 1339 1836 est
1369 1789 1385 1836 z
1416 1773 1691 1836 Medulla

150 1889 319 1930 sacrae
348 1870 717 1950 Scripturae,
740 1869 803 1930 in
838 1867 1023 1931 tertia
1052 1867 1273 1930 mundi
1304 1871 1577 1944 uitatem.
1611 1871 1685 1942 ἒς

148 1962 418 2026 Melchior
462 1963 717 2026 Flavius
738 2008 759 2040 ‚
802 1963 910 2026 lib.
952 1962 1033 2025 de
1074 1965 1293 2044 Regno
1327 1962 1567 2024 Christi.
1616 1962 1693 2024 Et

152 2076 485 2138 quanquam
528 2057 631 2136 (ut
657 2076 875 2122 verum
902 2057 1125 2134 fatear)
1156 2075 1367 2137 neque
1408 2076 1485 2119 ex
1528 2056 1691 2120 Seri-

150 2151 323 2230 pluris
344 2150 567 2226 sacris,
601 2169 807 2229 nequo
834 2170 911 2212 ex
934 2151 1165 2214 sanctis
1190 2151 1475 2212 Patribus
1504 2149 1697 2231 possit

154 2245 265 2306 haec
306 2245 623 2308 sententia
676 2244 1015 2308 efficaciter
1070 2243 1375 2319 convinci,
1430 2249 1695 2323 possunt

152 2344 335 2400 tamen
364 2357 439 2400 ex
468 2339 597 2400 illis
626 2338 853 2401 adduci
876 2358 1005 2402 non
1038 2339 1515 2402 contemnenda}
1544 2355 1694 2400 cou-

148 2433 377 2510 jecturae
400 2481 414 2506 ,
466 2451 620 2512 quae
646 2477 661 2506 ,
712 2434 1061 2512 conjunctae
1108 2449 1255 2494 cum
1298 2432 1377 2494 iis
1426 2449 1565 2512 quoe
1612 2431 1693 2493 de

154 2527 345 2590 Christi
382 2527 935 2606 pmdestinatione
966 2527 1033 2587 in
1062 2525 1487 2605 superioribus
1528 2525 1695 2586 dicta

155 2623 293 2690 sunt,
322 2637 457 2680 eam
485 2619 679 2682 valde
706 2619 1093 2699 probabilem
1122 2619 1481 2680 ostendunt.
1520 2618 1697 2680 Prin-

157 2711 293 2792 cipio
318 2713 503 2792 igitur
536 2730 831 2792 suppono
856 2711 1221 2775 exmateria
1249 2711 1328 2774 de
1353 2711 1611 2791 Angelis
1636 2716 1701 2774 et

159 2805 223 2866 de
246 2807 459 2884 gratia,
488 2805 817 2886 generalia
842 2805 1167 2886 principia,
1200 2823 1343 2884 quae
1366 2805 1701 2866 traduntur

160 2917 189 2958 a
212 2897 519 2976 conciliis,
554 2905 617 2960 et
646 2918 723 2960 ex
750 2917 929 2962 sacra
948 2898 1263 2977 Scriptura
1294 2898 1697 2977 colliguntur,

159 2992 225 3054 de
242 2994 613 3058 necessitato
632 2993 849 3072 gratiae
872 2994 954 3056 ad
973 2992 1481 3072 supernaturales
1498 2995 1696 3067 actus,

162 3093 215 3145 et
236 3088 307 3148 ad
333 3088 823 3170 promerendam
852 3087 1045 3150 vitam
1074 3092 1371 3148 aeternam
1392 3129 1407 3158 ,
1447 3103 1576 3147 non
1604 3103 1705 3147 so-

161 3177 271 3238 lum
296 3181 371 3241 ad
401 3181 721 3258 homines,
752 3179 863 3242 sed
892 3181 1079 3242 etiam
1106 3179 1189 3240 ad
1214 3179 1487 3258 Angelos
1516 3177 1701 3256 perti-

162 3290 307 3334 nere.
368 3274 555 3348 Quod
602 3292 729 3336 uno
778 3273 1071 3352 exemplo
1123 3271 1275 3333 satis
1318 3271 1693 3334 declaratur.

162 3366 293 3428 Dicit
319 3367 579 3440 Petrina,
618 3367 697 3428 ad
728 3369 955 3446 Ephes.
989 3369 1031 3428 2
1063 3384 1078 3427 :
1124 3365 1349 3432 Gratia
1390 3365 1537 3429 estis
1572 3365 1703 3428 sal·

160 3460 271 3522 vati
289 3478 391 3539 per
408 3463 619 3540 fidem,
646 3467 703 3524 et
723 3462 829 3524 Ιιοσ
847 3478 965 3522 non.
991 3477 1065 3522 em
1084 3459 1271 3532 vobis,
1300 3459 1519 3523 donum
1546 3459 1705 3521 onim

162 3551 261 3614 Dei
280 3562 385 3628 m,
412 3573 483 3617 ne
524 3555 661 3634 quis
688 3554 1007 3632 glorietur.
1048 3552 1197 3614 Haec
1226 3550 1539 3614 sententia
1568 3551 1705 3612 sine

162 3641 325 3705 dubio
353 3645 429 3708 de
464 3645 732 3726 Angelis
760 3646 948 3706 ctiam
980 3661 1131 3708 vera
1160 3648 1288 3719 est,
1320 3643 1469 3723 quia
1499 3660 1707 3722 neque

162 3735 256 3814 ipsi
312 3737 573 3817 gloriari
626 3745 887 3818 possunt
916 3757 935 3812 ;
966 3738 1135 3800 dono
1190 3738 1361 3800 enim
1406 3737 1545 3808 Dei,
1594 3755 1709 3816 per

162 3831 397 3906 gratiam
422 3838 485 3894 et
510 3831 703 3894 fidem
726 3831 877 3894 salvi
906 3831 1053 3894 facti
1077 3836 1240 3903 sunt;
1268 3837 1589 3892 ostensum
1614 3835 1707 3891 est

160 3928 347 3986 autem
372 3923 758 4004 praecedenti
788 3924 1209 4004 disputatione
1236 3967 1253 3996 ,
1298 3922 1565 4002 gratiam
1594 3921 1709 3984 Dei

162 4018 568 4080 necessariam
598 4017 679 4080 ad
706 4017 975 4080 salutem
1006 4065 1021 4091 ,
1072 4023 1139 4078 et
1167 4016 1434 4097 gratiam
1463 4014 1705 4086 Christi,

165 4129 261 4172 seu
287 4131 321 4172 a
345 4112 573 4176 Christi
603 4113 841 4174 meritis
868 4116 1233 4174 manantem
1249 4155 1271 4186 ‚
1298 4109 1589 4172 eamdem
1616 4127 1710 4170 es·

166 4224 245 4280 se,
272 4225 377 4266 seu
406 4207 491 4268 ad
519 4207 1014 4268 convertentiam
1036 4205 1189 4282 dici3
1222 4202 1384 4266 sicut
1408 4223 1563 4282 ergo
1589 4205 1711 4264 An·

168 4298 301 4373 galis
343 4300 545 4379 gratia
600 4299 706 4360 Dei
746 4299 1103 4360 necessaria
1140 4298 1257 4360 fuit
1298 4297 1380 4360 ad
1418 4297 1711 4372 salutem,

168 4389 239 4452 ita
267 4400 329 4454 ct
350 4393 559 4472 gratia
588 4392 831 4456 Christi.
878 4395 943 4454 [n
972 4411 1099 4471 quo
1126 4411 1315 4454 sensu
1350 4392 1583 4470 optime
1611 4390 1715 4450 in·-

164 4484 335 4566 telligi
378 4491 591 4567 potest
626 4485 795 4565 quod
834 4485 1198 4566 Fulgentius
1242 4485 1353 4560 ait,
1404 4484 1562 4546 libro
1612 4501 1701 4544 se·

168 4579 353 4640 cundo
382 4581 463 4642 ad
491 4579 979 4644 'trasimundum
998 4625 1019 4653 ,
1059 4579 1260 4658 capite
1290 4577 1473 4640 tertio
1506 4593 1525 4638 ε
1580 4577 1717 4641 Una

168 4675 245 4730 ese
291 4672 355 4736 in
406 4681 663 4755 utroque
708 4673 991 4751 (scilicet,
1041 4671 1283 4750 Angelo
1332 4677 1394 4734 et
1440 4667 1713 4748 homine)

167 4767 361 4841 qratia
380 4773 631 4846 operata
644 4791 669 4839 ,·
703 4768 772 4828 in
800 4767 931 4840 hoc,
961 4771 1031 4832 ut
1058 4770 1334 4845 serperet
1351 4787 1379 4835 ;
1396 4762 1465 4828 in
1484 4763 1617 4837 ilco,
1642 4781 1717 4826 ne

170 4857 411 4930 cadmi,-
434 4860 505 4922 in
531 4859 663 4936 illo,
694 4876 767 4921 m
783 4858 1233 4931 vulneraretur,-
1250 4858 1319 4920 in
1346 4857 1485 4932 isto,
1514 4862 1585 4920 ut
1613 4874 1716 4920 sa-

170 4958 403 5014 naretur
426 4977 452 5024 ;
496 4953 573 5014 ab
619 4953 727 5016 hoc
774 4953 1201 5027 infirmitatem
1246 4949 1495 5029 repulit,
1538 4949 1717 5012 illum

170 5043 473 5118 infirmare
508 5063 627 5108 uon
666 5042 1069 5116 sinin-illius
1106 5062 1262 5114 esca,
1304 5042 1491 5106 iscius
1534 5043 1721 5106 med?-

173 5137 317 5200 oina.
352 5139 535 5203 Unde
564 5139 768 5219 quod,
799 5139 983 5200 Joan.
1020 5139 1091 5198 11
1111 5182 1128 5211 ,
1166 5136 1451 5198 absolute
1483 5142 1542 5197 et
1568 5137 1718 5198 sim·

172 5227 397 5304 pliciter
426 5232 703 5294 Christus
724 5231 803 5292 de
828 5249 894 5292 se
924 5229 1387 5310 pronunciavit,
1416 5229 1557 5310 Ego
1585 5245 1721 5289 sum

174 5321 287 5396 via,
318 5328 545 5388 veritas
570 5331 625 5388 ec
650 5327 805 5398 vita,
834 5341 1001 5386 immo
1030 5325 1191 5386 venit
1214 5323 1297 5385 ad
1315 5323 1569 5386 Patrem
1595 5320 1723 5383 oties·

171 5431 271 5493 por
296 5435 382 5482 me
405 5463 421 5494 ,
466 5425 587 5480 tam
618 5419 698 5480 de
728 5417 987 5498 Angelis
1014 5433 1207 5495 quam
1243 5415 1324 5478 de
1362 5413 1723 5478 hominihus

182 5509 386 5572 merita
438 5511 839 5592 intelligimus
863 5529 879 5584 ;
936 5527 1149 5590 neque
1202 5509 1369 5572 cuim
1420 5507 1527 5569 illa
1574 5525 1718 5582 vox,

3211 371 3320 432 381

1763 488 1951 545 nemo,
2007 472 2092 534 ita
2140 474 2219 534 ad
2265 473 2554 535 homiues
2597 473 2886 546 refertur,
2939 474 3088 553 quin
3138 475 3332 556 possit

1766 565 1953 626 etiam
1981 568 2254 646 Angelos
2281 565 2848 646 comprehendere;
2881 574 2950 628 ut
2971 585 3113 629 cum
3140 567 3329 630 Marci

1766 659 1844 720 10
1872 657 1958 719 ait
1985 659 2258 721 Christus
2281 677 2300 722 t
2325 661 2522 724 Nemo
2552 661 2759 735 bonus,
2794 659 2920 723 nisi
2943 661 3110 723 solus
3140 661 3326 734 Dour,

1766 767 1893 811 non
1915 751 2117 812 solum
2141 752 2450 829 homine3‚
2473 753 2589 814 sed
2612 755 2802 814 etiam
2825 751 3099 832 Angelos
3124 753 3329 814 exclu-

1766 843 1891 914 dit;
1921 851 1982 905 et
2003 844 2286 906 similiter
2307 845 2670 925 intelligitur
2692 845 2862 924 quod
2883 843 2990 922 ait,
3017 846 3200 907 Joan.
3217 849 3324 908 10:

1764 937 1863 1000 Et
1897 955 2062 1000 nemo
2103 944 2298 1017 potest
2341 955 2558 1020 rapere
2599 939 2667 1001 de
2697 955 2882 1002 manu
2931 937 3149 1003 Patris
3189 939 3322 1002 mei.

1768 1031 2238 1092 Accommodari
2268 1037 2568 1110 praeterea
2589 1035 2795 1112 potest
2811 1031 2964 1093 illud
2993 1034 3029 1095 J
3033 1051 3175 1094 oan.
3207 1035 3281 1095 Π
3308 1053 3324 1093 :

1768 1123 1925 1186 Hoec
1953 1130 2042 1186 est
2077 1126 2207 1186 vita
2239 1132 2462 1188 (eterna
2487 1171 2502 1198 ‚
2545 1130 2617 1188 ut
2657 1129 3014 1206 coquoscant
3047 1129 3104 1188 to
3137 1124 3330 1190 solum

1767 1215 1961 1278 Deum
1983 1232 2208 1288 verum,
2237 1223 2294 1280 et
2313 1235 2482 1299 quem
2505 1218 2740 1281 misisti
2759 1219 2968 1281 Jemm
2991 1218 3325 1282 Christum.

1768 1306 2007 1369 Eadem
2057 1310 2225 1370 enim
2276 1318 2373 1372 est
2425 1312 2551 1373 vita
2601 1318 2835 1373 aeterna
2889 1310 3215 1372 hominum
3267 1318 3331 1374 et

1771 1403 2155 1482 Angelorum
2185 1423 2200 1478 ς
2251 1405 2480 1466 Paulus
2505 1407 2729 1480 etiam,
2772 1405 2851 1466 ad
2879 1405 3103 1486 Ephes.
3137 1409 3198 1480 4,
3235 1411 3330 1466 to-

1769 1500 1902 1556 tum
1933 1495 2225 1559 Ecclesiae
2253 1515 2479 1579 corpus
2521 1499 2668 1562 dicit
2700 1499 2935 1561 habere
2963 1499 3330 1560 charitatem

1772 1593 1835 1650 et
1862 1593 2271 1668 augmentum
2301 1592 2439 1671 ejus
2457 1611 2536 1654 ex
2563 1592 2802 1654 influxu
2826 1593 3042 1672 capitis
3064 1611 3079 1666 ;
3104 1591 3331 1656 docue-

1770 1689 1866 1744 rat
1894 1689 2105 1744 autcm
2133 1683 2302 1746 idem
2333 1685 2533 1762 Paul„
2561 1703 2618 1748 c.
2654 1690 2683 1748 1
2716 1693 2779 1747 et
2806 1689 2869 1760 2,
2901 1693 2964 1748 et
2989 1685 3070 1748 ad
3092 1685 3327 1750 Coloss.

1772 1778 1803 1837 1
1838 1782 1901 1838 et
1924 1778 1990 1849 2,
2037 1776 2351 1840 Christum
2395 1795 2525 1840 non
2575 1779 2779 1842 solum
2829 1779 3179 1856 hominum,
3221 1777 3334 1841 sed

1772 1869 1964 1931 etiam
2003 1871 2388 1950 Angelorum
2431 1889 2572 1933 esse
2611 1876 2821 1952 caput.
2871 1871 3030 1935 mud
3061 1871 3334 1953 denique

1773 1963 1855 2024 ad
1888 1963 2115 2044 Ephes.
2149 1968 2180 2027 1
2218 2009 2234 2038 ,
2269 1965 2379 2026 uhi
2425 1967 2630 2029 omnia
2673 1984 2786 2048 per
2827 1966 3132 2032 Christum
3178 1973 3234 2031 et
3267 1969 3337 2030 in

1778 2056 2020 2120 Glari-no
2045 2058 2394 2122 instaurari
2420 2059 2726 2124 dicuntur.
2763 2059 2882 2124 Ubi
2912 2061 3334 2144 Hieronymus

1774 2157 1837 2212 et
1866 2150 1996 2225 alii,
2031 2151 2136 2230 qui
2159 2151 2341 2230 juxta
2369 2152 2704 2214 lectionem
2733 2171 3007 2232 graecam
3035 2155 3338 2236 recapitu-

1772 2243 1899 2307 lari
1944 2251 2238 2320 vertunt,
2287 2261 2414 2305 non
2459 2261 2685 2324 parum
2738 2244 2996 2324 faveut3
3043 2245 3340 2310 dicuntur

1776 2335 1966 2411 enirn,
2001 2338 2203 2400 omnia
2235 2338 2633 2421 recapitulari
2659 2340 2727 2400 in
2759 2337 3027 2414 Christo,
3060 2340 3157 2402 vel
3189 2341 3337 2420 quia

1774 2447 1917 2491 cum
1946 2431 2113 2492 inter
2139 2447 2206 2492 se
2239 2439 2451 2492 essent
2487 2431 2824 2492 admodum
2856 2431 3142 2495 distincta
3162 2479 3177 2506 ,
3219 2433 3340 2495 sub

1773 2541 1903 2584 uno
1922 2521 2164 2586 Christo
2189 2523 2390 2603 capite
2411 2541 2609 2586 unum
2631 2525 3094 2604 quodammodo
3117 2525 3338 2588 effecta

1777 2617 1945 2690 sunt,
1985 2621 2054 2676 ut
2091 2615 2308 2694 Chrys.
2353 2622 2415 2677 et
2457 2617 2806 2697 Theophyl.
2855 2625 3207 2696 exponunt;
3235 2619 3336 2680 vel

1778 2708 1927 2790 quia
1953 2709 2014 2768 in
2052 2706 2292 2771 Christo
2339 2709 2554 2772 omnia
2596 2716 2744 2771 sunt
2767 2711 3121 2786 nobilitata,
3154 2717 3218 2774 et
3257 2711 3338 2774 ad

1778 2800 2228 2882 perfectionem
2246 2801 2535 2879 deducta,
2570 2804 2815 2882 singula
2832 2804 3014 2883 juxta
3036 2803 3340 2886 capacita-

1780 2901 1911 2957 tem
1942 2911 2150 2970 suam,
2181 2900 2492 2976 utsupra,
2526 2913 2588 2976 q.
2625 2899 2684 2973 1,
2717 2902 2833 2960 art.
2867 2899 2929 2973 3,
2963 2898 3338 2976 explicatum

1785 2995 1901 3051 ost.
1953 2989 2086 3061 Quo
2141 2989 2210 3050 fit
2243 2995 2349 3065 ut,
2384 3009 2524 3070 quae
2573 2991 2970 3070 perfectionis
3005 2991 3343 3071 spiritualis

1781 3081 1922 3143 vitae
1952 3082 2206 3162 capacia
2237 3089 2406 3150 sunt,
2442 3101 2557 3164 per
2582 3083 2894 3146 Christum
2921 3084 3086 3147 illam
3117 3101 3342 3147 consc-

1782 3177 2076 3254 quantur.
2104 3174 2216 3236 Vel
2238 3176 2510 3254 denique
2535 3177 2680 3255 quia
2705 3179 2916 3238 omnia
2941 3179 3154 3258 gratiae
3175 3195 3342 3258 mys-

1781 3269 1941 3330 teria
1965 3313 1982 3339 ,
2023 3285 2166 3346 quie
2196 3274 2326 3330 tam
2361 3269 2424 3330 in
2467 3270 2628 3330 eoelo
2669 3287 2860 3348 quam
2889 3271 2954 3331 in
2983 3277 3152 3333 terra
3179 3269 3345 3332 facta

1782 3368 1952 3436 sunt,
1979 3362 2041 3422 in
2067 3362 2328 3434 Christo,
2361 3369 2426 3424 et
2449 3381 2566 3441 per
2587 3361 2898 3425 Christum
2926 3364 3340 3444 complentur,

1784 3461 1853 3516 ut
1884 3454 2268 3518 Claudianus
2295 3455 2568 3534 exponit.

1866 3551 1928 3611 5.
1949 3547 2263 3620 Secundo,
2287 3547 2588 3627 probatur
2611 3567 2686 3611 ex
2705 3549 3011 3612 Patribus.
3039 3549 3210 3613 Solet
3237 3569 3345 3612 au-

1787 3646 1917 3703 tem
1968 3639 2154 3720 vulgo
2206 3639 2340 3701 haec
2387 3642 2700 3703 sententia
2746 3643 2934 3704 tribui
2985 3643 3304 3705 Bernardo
3328 3689 3344 3719 ,

1788 3753 1976 3795 serm.
2015 3735 2088 3795 17
2120 3738 2181 3795 ct
2207 3733 2284 3794 22
2303 3733 2371 3794 in
2397 3735 2682 3808 Cantica3
2712 3736 2774 3795 in
2796 3737 2988 3815 priori
3015 3737 3182 3798 enim
3210 3737 3347 3799 loeo

1790 3827 1938 3889 dicit
1981 3828 2256 3907 Angelos
2317 3827 2518 3889 malos
2570 3846 2864 3908 peccasse
2919 3827 3000 3891 ob
3048 3829 3347 3892 invidiam

1788 3919 2140 3983 homiuum.
2183 3921 2254 3984 ln
2287 3921 2614 4000 posteriori
2657 3941 2809 3984 vero
2851 3921 3001 3986 dicit
3035 3923 3346 3985 Christum

1791 4015 2134 4088 redemisse
2156 4016 2428 4096 Angelos
2451 4023 2701 4077 sanctos
2718 4017 3156 4095 praesentando
3185 4017 3343 4079 illos,

1793 4109 1917 4170 Sed
1959 4115 2028 4170 ut
2064 4109 2232 4188 quod
2263 4125 2482 4169 verum
2529 4115 2622 4171 est
2667 4109 3016 4184 fateamur,
3047 4109 3348 4172 Bernardi

1794 4221 2018 4265 sensus
2063 4202 2224 4264 alius
2265 4203 2520 4264 omniuo
2561 4209 2654 4264 est
2701 4203 2782 4264 ab
2841 4205 2958 4264 hac
2998 4203 3345 4275 sententia;

1793 4315 1941 4357 nam
1963 4295 2029 4357 in
2058 4295 2246 4375 priori
2275 4295 2412 4357 loco
2437 4313 2564 4356 non
2595 4297 2674 4358 de
2698 4295 2928 4357 invidia
2959 4296 3022 4357 in
3043 4296 3350 4360 Christum

1794 4393 2122 4468 concepta,
2157 4389 2268 4450 sed
2299 4391 2363 4448 in
2400 4389 2722 4464 homiueS,
2759 4407 2834 4452 eo
2867 4391 3038 4468 quod
3069 4390 3154 4452 ad
3181 4407 3355 4452 eam·

1796 4482 1940 4543 dem
1971 4483 2422 4544 beatitudinem
2458 4501 2601 4543 cum
2638 4483 2892 4564 Angelis
2933 4484 3134 4546 evecti
3162 4497 3308 4544 sunt
3329 4529 3350 4560 ,

1796 4575 2072 4655 loquitur
2102 4575 2494 4646 Bet-nardusz
2540 4577 2600 4636 iu
2649 4577 2979 4656 posteriori
3023 4593 3172 4638 vero
3214 4577 3354 4638 loco

1796 4668 2128 4730 manifeste
2157 4669 2288 4748 agit
2313 4667 2396 4730 de
2418 4669 2680 4742 Christ0,
2712 4675 2778 4730 ut
2808 4673 2906 4730 est
2931 4671 3096 4730 Deus
3120 4675 3185 4730 et
3207 4671 3358 4730 Ver-

1794 4761 1947 4822 bum
1993 4760 2222 4835 Patris,
2273 4766 2336 4821 et
2382 4767 2448 4822 ut
2499 4768 2793 4841 operatus
2841 4767 2938 4824 est
2987 4762 3254 4842 gratiam
3293 4768 3357 4823 et

1796 4853 2058 4934 gloriam
2087 4854 2152 4914 in
2176 4854 2454 4932 Angelis,
2489 4861 2830 4933 antequam
2855 4860 3024 4916 esset.
3047 4855 3257 4915 homo.
3283 4855 3358 4916 Et

1798 4947 2025 5009 eodem
2044 4947 2234 5008 modo
2263 4948 2344 5009 de
2375 4947 2598 5009 eadem
2620 4965 2688 5008 re
2719 4947 2995 5027 loquitur
3011 4964 3199 5010 serm.
3220 4951 3250 5008 1
3275 4947 3356 5009 ‹le

1799 5041 2305 5104 Circumcisione.
2329 5041 2550 5101 Afferri
2579 5042 2767 5102 etiam
2809 5041 2970 5102 solet
2998 5041 3210 5120 Cyril„
3241 5041 3354 5101 lib.

1801 5141 1837 5199 5
1870 5137 1933 5196 in
1967 5133 2139 5208 lsai„
2181 5139 2328 5194 tom.
2357 5135 2419 5208 2,
2450 5133 2514 5193 in
2542 5133 2869 5213 principie,
2901 5135 3009 5195 uhi
3043 5133 3214 5205 dicit,
3245 5149 3362 5212 per

1800 5229 1915 5289 Dei
1941 5226 2240 5300 Verbum,
2265 5244 2378 5287 seu
2408 5243 2790 5300 sermonem,
2819 5241 3073 5286 omnem
3102 5225 3362 5286 fructifi-

1803 5319 2116 5382 cationem
2147 5318 2556 5399 spiritualem,
2587 5324 2718 5380 tam
2751 5319 2816 5380 in
2847 5319 3078 5380 sanctis
3109 5317 3364 5397 Angelis

1802 5433 1996 5494 quam
2028 5414 2094 5475 in
2135 5413 2494 5473 hominibus
2541 5412 2790 5473 insitam
2839 5429 3017 5484 esse;
3063 5418 3122 5474 et
3153 5411 3362 5473 statim

1804 5508 2096 5588 explicat,
2141 5508 2262 5568 hoc
2301 5505 2576 5568 Verbum
2612 5523 2750 5568 cssc
2787 5505 3131 5582 Christum,
3173 5523 3364 5586 spon-
