3892 6167
644 303 763 363 544

635 408 937 483 randum,
975 410 1045 467 ut
1070 402 1423 465 ostenditur
1447 401 1660 477 latius,
1686 406 1747 465 2.
1774 406 1837 477 2,
1862 418 1925 483 q.
1949 405 2051 477 81,
2081 406 2199 463 art.

638 506 702 579 7,
727 508 793 565 et
813 518 877 581 q.
901 500 1005 573 83,
1033 503 1154 561 art.
1194 498 1291 573 12,
1317 501 1381 558 et
1398 512 1463 574 q.
1494 496 1597 570 84,
1620 499 1739 556 art.
1772 496 1835 571 2,
1860 495 2034 575 quia,
2059 510 2205 555 cum

638 596 807 659 Deus
834 594 916 656 sit
962 596 1183 655 auctor
1218 589 1520 669 corporis,
1555 588 1743 651 etiam
1788 606 2049 669 corpore
2101 605 2206 649 co-

636 688 865 751 lendus
886 692 1014 764 est3
1030 692 1094 747 et
1118 684 1207 747 ita
1228 684 1293 745 in
1326 682 1647 763 Scriptura
1674 700 1855 745 sacra
1874 682 2207 745 innumera

642 786 788 845 sunt
826 780 1019 862 hujus
1059 794 1379 858 corporeae
1428 773 1815 837 adorationis
1840 794 1972 839 non
2003 774 2207 837 solum

638 876 1021 939 Sanctorum
1050 870 1361 950 exempla,
1380 868 1495 931 sed
1520 868 1711 931 etiam
1728 868 1844 931 Dei
1869 874 2202 950 praecepta,

640 972 703 1031 et
731 984 811 1029 ex
864 966 989 1041 his,
1019 981 1163 1044 quae
1188 962 1495 1039 dicemus,
1525 961 1649 1023 hoc
1700 980 1739 1023 a
1791 961 2028 1025 fortiori
2059 978 2206 1023 con·

640 1059 848 1123 stabit.
878 1060 971 1121 De
1006 1058 1128 1119 bac
1176 1056 1367 1136 igitur
1389 1060 1569 1135 parte
1594 1071 1725 1117 non
1772 1061 1870 1119 est
1900 1055 2066 1119 inter
2089 1054 2203 1117 Ca·

639 1152 905 1218 tholicos
928 1148 1379 1215 controversia.

720 1250 781 1310 2.
828 1244 1050 1310 Prima
1077 1242 1304 1328 opinio.
1327 1275 1410 1291 —
1427 1246 1519 1309 De
1553 1245 1803 1309 interna
1828 1244 2018 1325 igitur
2057 1242 2205 1305 ado·

640 1340 881 1403 ratione
908 1338 1037 1401 duo
1064 1345 1333 1419 possunt
1373 1340 1711 1419 excogitari
1749 1337 1925 1401 modi
1951 1336 2205 1401 dicendi

642 1439 918 1499 extreme
944 1432 1260 1495 contrarii.
1290 1432 1466 1497 Prior
1484 1439 1605 1510 est,
1632 1433 1873 1496 nullam
1895 1448 2036 1493 esse
2061 1429 2210 1493 ado-

638 1527 957 1591 rationem
978 1542 1155 1591 mere
1192 1525 1507 1589 internam
1538 1532 1602 1591 et
1646 1524 2058 1607 spiritualem,
2096 1522 2211 1587 sed

640 1621 1036 1703 corporalem
1082 1625 1329 1683 tantum
1341 1664 1363 1697 ,
1413 1620 1616 1701 qualis
1669 1624 1764 1683 est
1811 1618 1917 1681 illa
1961 1634 2103 1697 quse
2137 1616 2212 1680 fit

642 1711 1223 1797 genuflexionibus,
1260 1712 1662 1775 inclinatione
1692 1710 1947 1792 capitis,
1979 1717 2046 1773 et
2069 1707 2211 1773 aliis

643 1806 953 1870 similibus
988 1806 1205 1887 signis.
1238 1805 1559 1869 Tribuitur
1586 1806 1719 1869 haec
1748 1804 2064 1869 sententia
2091 1804 2212 1867 Bo-

642 1906 926 1985 navent„
950 1899 1019 1961 in
1050 1902 1117 1977 3,
1144 1898 1211 1960 d.
1234 1901 1297 1973 9,
1321 1898 1503 1961 artic.
1528 1901 1591 1976 2,
1622 1917 1687 1977 q.
1720 1900 1757 1961 3
1796 1904 1861 1961 et
1884 1903 1947 1971 4,
1982 1896 2090 1978 qui
2117 1902 2213 1960 ta-

642 2012 790 2059 men
844 1994 1111 2056 obscure
1156 1990 1468 2072 loquitur,
1518 2010 1667 2053 nam
1718 1991 1903 2055 docet
1953 1990 2208 2071 quidem

642 2090 941 2151 virtutem
966 2086 1273 2149 moralem
1314 2085 1513 2148 latrise
1539 2086 1745 2147 solum
1780 2085 2016 2149 versari
2043 2084 2212 2147 circa

642 2190 821 2249 actus
848 2182 1191 2247 exteriores
1215 2181 1633 2258 adorationis,
1663 2181 1812 2260 quia
1848 2182 2048 2246 latria
2073 2196 2209 2243 ser-

643 2279 903 2341 vitutem
926 2275 1260 2357 significat,
1284 2275 1553 2339 servitus
1574 2279 1785 2338 autem
1806 2275 2060 2357 proprie
2081 2292 2211 2339 res·

642 2372 809 2453 picit·
828 2376 1039 2433 actum
1078 2368 1476 2433 exteriorem.
1522 2367 1710 2431 Addit
1734 2386 1885 2431 vero
1916 2366 2205 2443 subinde,

642 2464 914 2540 latriam,
951 2468 1023 2525 ut
1062 2461 1210 2525 dicit
1255 2460 1493 2524 cultum
1540 2460 1849 2539 divinum,
1890 2478 2020 2523 non
2067 2476 2208 2523 esse

644 2540 887 2621 tantuin
934 2556 1001 2617 in
1044 2554 1286 2619 actibus
1332 2554 1629 2630 externis,
1662 2554 1778 2617 sed
1820 2554 2096 2617 maxime
2145 2555 2207 2616 in

642 2650 905 2715 internis
914 2672 934 2725 3
954 2648 1101 2712 etin
1121 2647 1539 2711 solutionibus
1558 2653 2080 2728 argumentorum
2098 2647 2207 2712 ait:

646 2744 833 2809 Sicut
854 2747 947 2807 est
970 2743 1167 2805 οιιῑιιιι
1190 2740 1447 2805 inter-ior
1463 2746 1519 2805 et
1536 2742 1823 2814 auarior,
1842 2741 1936 2805 sio
1957 2744 2048 2805 m
2073 2740 2214 2804 ado-

644 2836 805 2901 ratio
832 2836 1099 2901 mmor
1120 2842 1181 2898 et
1207 2833 1482 2898 immor.
1508 2834 1789 2898 Aderam
1811 2834 2103 2910 inter-ius,
2123 2838 2214 2899 eet

646 2935 779 2997 tota
802 2934 995 2994 mento
1028 2928 1097 2991 iu
1122 2929 1319 2993 Deum
1346 2928 1603 3001 tendere,
1634 2928 1799 2992 sicut
1823 2927 1976 2991 dicit
2004 2927 2212 2992 Raba-

644 3040 795 3093 mm
816 3024 1069 3087 adorare
1088 3022 1379 3098 ceterius,
1402 3025 1492 3085 est
1512 3020 1789 3101 aliquam
1813 3020 2210 3085 reverentiam

646 3116 1047 3199 corporaliter
1075 3114 1367 3179 exhibere.
1398 3113 1661 3175 Videtur
1686 3130 1841 3193 ergo
1882 3114 2211 3177 Donaven-

647 3216 803 3273 turm
826 3208 1135 3271 sententia
1160 3207 1227 3269 in
1251 3207 1371 3271 hoc
1398 3206 1760 3280 consistere,
1784 3208 1958 3287 quod
1986 3206 2211 3271 adora-

646 3304 735 3367 tio
770 3303 837 3365 in
877 3319 1111 3385 genere
1138 3318 1266 3363 non
1296 3300 1575 3364 consistit
1596 3300 1665 3363 in
1688 3300 1837 3363 solis
1862 3300 2215 3364 actionibus

648 3396 947 3470 externis,
978 3395 1095 3459 sed
1120 3395 1313 3458 etiam
1340 3394 1407 3457 in
1431 3394 1727 3470 internis;
1754 3394 2037 3459 adoratio
2065 3414 2214 3457 vero

648 3496 835 3572 prout
856 3490 1294 3569 dirigitur-seu
1320 3488 1571 3551 elicitur
1592 3488 1677 3551 ab
1702 3488 1962 3569 speciali
1985 3490 2214 3551 virtute

648 3584 897 3660 morali,
920 3602 1061 3665 quae
1086 3590 1183 3647 est
1204 3582 1449 3662 religio,
1472 3582 1575 3645 vel
1594 3582 1713 3645 sub
1735 3581 2040 3663 religione
2066 3600 2214 3645 con-

650 3685 856 3755 tenta,
884 3678 971 3741 sic
1006 3677 1213 3739 solnm
1254 3675 1539 3738 consistit
1566 3675 1635 3736 iu
1662 3675 2079 3739 exterioribus
2109 3694 2215 3737 ac-

646 3773 925 3836 tionibus
949 3788 970 3851 ;
1013 3778 1079 3834 et
1119 3770 1347 3833 eodem
1372 3774 1581 3831 sensu
1632 3768 1877 3831 videtur
1922 3768 2214 3832 eamdem

648 3866 1023 3931 seutentiam
1044 3864 1225 3944 sequi
1266 3862 1591 3925 Almainus
1612 3862 1723 3939 ibi,
1752 3880 1813 3941 q.
1841 3865 1871 3923 1
1903 3884 1924 3938 3
1957 3870 2022 3924 et
2052 3863 2213 3925 Mar·

646 3960 773 4039 sil.‚
794 3961 861 4022 in
880 3963 945 4035 3,
986 3978 1050 4039 q.
1077 3962 1139 4034 8,
1168 3964 1283 4020 art.
1312 3960 1372 4031 1,
1395 3957 1745 4038 praesertim
1770 3956 1853 4019 ad
1880 3960 1941 4019 3.
1977 3955 2212 4021 Citatur

646 4072 761 4136 pro
790 4054 1015 4117 eadem
1038 4051 1353 4115 sententia
1382 4049 1741 4127 Durandus,
1763 4050 1829 4111 in
1858 4053 1921 4127 3,
1951 4050 2014 4113 d.
2037 4054 2100 4124 9,
2144 4068 2206 4131 q.

648 4152 709 4211 1.
740 4149 863 4212 Sed
896 4165 975 4210 ex
1012 4146 1117 4208 illo
1144 4145 1353 4226 potius
1392 4150 1599 4226 potest
1629 4145 1791 4206 sumi
1830 4146 2208 4226 oppositum,

647 4248 719 4303 ut
752 4240 963 4303 statim
1004 4238 1231 4301 dicam.
1260 4238 1437 4300 Illam
1463 4256 1615 4300 vero
1644 4239 2021 4301 sententiam
2063 4240 2212 4301 insi-

648 4339 809 4395 nuat
833 4332 1057 4412 Major,
1092 4330 1317 4394 eadem
1344 4330 1439 4405 d.‚
1474 4337 1695 4409 quaest.
1737 4334 1763 4394 1
1797 4349 1814 4403 ;
1849 4330 2000 4393 dicit
2041 4332 2208 4394 enim

650 4427 969 4507 obiectum
1012 4425 1207 4487 latriae
1246 4424 1562 4486 interioris
1610 4440 1749 4485 esse
1795 4424 2100 4488 honorem
2150 4434 2212 4491 et

648 4520 885 4583 cultum
912 4517 1289 4581 exteriorem
1309 4516 1451 4594 Dei,
1474 4534 1665 4597 quem
1688 4522 1907 4597 postea
1932 4518 2212 4584 declarat

648 4612 953 4693 exemplis
1010 4612 1078 4673 in
1128 4610 1277 4673 solis
1325 4609 1677 4672 actionibus
1731 4612 2206 4691 corporalibus,

646 4724 789 4789 quae
828 4714 1045 4769 tamen
1084 4705 1289 4788 potuit
1316 4703 1619 4768 adhibere
1658 4709 1728 4765 ut
1752 4703 2047 4781 clariora,
2081 4726 2210 4769 non

642 4800 817 4883 quod
842 4799 967 4863 alia
996 4798 1309 4861 excludat.
1341 4798 1781 4861 potestantem
1806 4797 1937 4859 haec
1965 4804 2208 4860 senten-

644 4895 733 4956 tia
764 4892 1043 4974 probari,
1081 4892 1287 4973 primo
1320 4907 1399 4953 ex
1426 4890 1497 4953 D.
1528 4889 1792 4965 Thoma,
1822 4892 1883 4953 2.
1914 4894 1977 4967 2,
2009 4908 2072 4969 q.
2103 4892 2211 4966 84,

644 4988 712 5049 in
738 4987 917 5049 titulo
952 4985 1339 5067 quaestionis,
1369 4984 1473 5063 qui
1504 4988 1647 5045 est:
1682 4982 1775 5047 Do
1806 4984 2210 5049 euterioribus

592 5092 597 5095 “
644 5080 1133 5146 articularia.
1167 5078 1339 5140 Inter
1365 5092 1523 5156 quos
1562 5075 1839 5156 primum
1870 5077 2081 5139 locum
2109 5077 2212 5139 tri-

642 5174 780 5237 buit
802 5171 1194 5245 adorationi3
1224 5176 1321 5233 est
1342 5186 1494 5250 ergo
1525 5168 1808 5230 adoratio
1820 5175 2008 5232 actus
2037 5176 2207 5233 exte·

641 5267 767 5330 rior
787 5268 972 5348 juxta
1014 5263 1394 5327 sententiam
1422 5264 1496 5324 D.
1528 5262 1807 5326 Thomae.
1843 5263 1974 5326 Nec
1998 5268 2207 5344 potest

640 5361 765 5425 dici
784 5360 873 5424 ibi
894 5374 1145 5423 sumere
1168 5359 1240 5421 D.
1264 5358 1571 5419 'rhomam
1590 5361 1803 5419 actum
1830 5358 2204 5421 exteriorem

642 5455 789 5535 late,
812 5462 883 5519 ut
902 5451 1303 5536 distinguitur
1330 5451 1413 5515 ab
1440 5456 1583 5516 actu
1605 5451 1813 5516 elicito
1836 5452 2201 5533 voluntatis,

1868 300 2106 365 Quffisr.
2141 300 2288 353 xxv.
2323 298 2528 355 Αιιτιο.
2567 288 2626 355 ιι.

2285 410 2420 467 tum
2443 404 2592 484 quia
2621 402 2686 465 in
2713 420 2774 483 q.
2801 404 2880 466 83
2911 403 3248 465 orationem
3275 405 3557 483 pouitiuter
3575 426 3681 484 actu,

2285 497 2619 561 interiores
2665 495 3021 576 religionis;
3055 500 3292 557 constat
3327 504 3500 561 autem
3529 505 3576 567 in
3597 511 3684 573 (ιω.

2285 591 2452 653 trina
2477 592 2551 653 D.
2585 590 2844 653 Thomae
2858 634 2879 666 ,
2909 589 3254 653 orationem
3279 606 3392 653 nou
3427 611 3536 659 esse
3557 609 3684 667 aetum

2289 684 2565 748 elicitum
2613 703 2651 747 a
2701 684 3048 759 voluntate,
3095 684 3210 747 sed
3253 684 3332 749 ab
3375 686 3682 769 intellectas

2287 777 2576 843 mentalis
2615 778 2734 853 sit,
2775 778 2878 841 vel
2915 777 2998 841 ab
3041 794 3176 853 ore,
3207 776 3255 839 si
3297 778 3368 841 sit
3403 783 3592 847 vocalis.
3619 790 3683 855 Ubi

2287 872 2688 937 considerare
2737 869 2919 945 licet,
2961 872 3034 935 D.
3074 872 3288 933 Them.
3319 874 3594 953 appellasse
3613 901 3687 945 on.

2285 965 2524 1029 tionem
2553 972 2765 1031 actum
2797 964 3186 1039 interiorem,
3225 964 3364 1045 quia
3395 973 3554 1047 potest
3581 973 3624 1033 in
3639 976 3690 1040 in-

2283 1060 2536 1125 tellectu
2563 1059 3013 1136 consummari,
3041 1056 3234 1121 etiam
3255 1057 3308 1121 si
3330 1062 3495 1138 possit
3514 1064 3691 1143 aliquan-

2283 1155 2366 1218 do
2410 1154 2685 1219 exterius
2722 1153 3032 1235 proferri3
3073 1170 3226 1233 ergo
3251 1168 3468 1233 ponens
3497 1158 3690 1225 adoratis

2285 1267 2434 1313 nem
2471 1250 2635 1313 inter
2665 1254 2842 1313 actus
2883 1247 3242 1322 exteriores,
3275 1248 3442 1313 sentit
3473 1268 3568 1311 non
3589 1273 3691 1331 pesa»

2289 1343 2555 1407 interius
2595 1360 2805 1424 neque
2831 1344 2899 1405 in
2933 1341 3280 1415 voluntate,
3303 1356 3482 1419 neque
3511 1343 3560 1404 in
3589 1347 3694 1411 intel-

2288 1440 2458 1503 lectu
2486 1436 2933 1511 consummari,
2957 1434 3070 1499 sed
3097 1435 3232 1499 sola
3259 1425 3508 1497 exteriori
3529 1442 3692 1507 actione.

2289 1536 2450 1597 Tum
2479 1534 2670 1596 etiam
2700 1531 2767 1593 id
2803 1534 2978 1612 patet
3001 1547 3083 1593 ex
3109 1528 3311 1593 verbis
3337 1546 3460 1608 quat
3488 1530 3540 1593 D.
3559 1532 3692 1597 Thon.

2291 1629 2502 1691 statim
2533 1624 2895 1707 subiungit,
2925 1623 3146 1687 dicens
3171 1640 3194 1686 ε
3221 1622 3310 1687 Ee
3342 1624 3510 1705 primo
3543 1626 3591 1689 de
3615 1632 3696 1693 act-

2290 1721 2548 1799 ratiaemo,
2561 1739 2674 1805 per
2691 1737 2874 1803 quam
2891 1716 3123 1801 aliquis
3141 1732 3316 1782 mm
3327 1732 3506 1795 corpu
3519 1718 3578 1781 al
3589 1720 3628 1781 D

2291 1816 2694 1881 venerandum
2735 1812 2991 1878 exhibet.
3027 1813 3170 1875 Non
3223 1808 3542 1875 exhibemus
3575 1738 3696 1877 aug:

2291 1926 2554 1992 corpora
2595 1913 2814 1971 nostra
2861 1906 2946 1968 ad
2991 1904 3412 1971 venerandum
3449 1905 3610 1983 Deum,
3633 1910 3696 1971 nis

2290 2022 2406 2087 per
2429 2004 2714 2066 actiones
2737 2007 3028 2065 externas
3063 2005 3127 2063 et
3155 2016 3479 2080 corporeas.
3501 1999 3644 2078 Neque
3659 2002 3693 2061 {t

2291 2101 2514 2163 Thom.
2545 2098 2772 2161 alicubi
2797 2096 2880 2159 de
2907 2095 3034 2157 alio
3063 2112 3297 2176 genere
3321 2092 3618 2155 adomtions
3631 2095 3697 2155 dis-

2293 2192 2512 2257 seruit.
2535 2190 2830 2255 Secnndo
2852 2188 3162 2270 probatur
3185 2205 3265 2250 ex
3285 2187 3611 2261 Damascena,
3623 2206 3696 2249 «ιιι-

2293 2287 2449 2349 tion.
2474 2290 2506 2348 1
2535 2284 2620 2349 de
2637 2280 3051 2365 Imaginibus,
3073 2300 3226 2362 pag.
3247 2282 3306 2355 5,
3325 2278 3696 2341 nbidefinitadn·

2289 2382 2605 2445 rationem
2629 2396 2770 2442 esse
2789 2375 3228 2439 submissionis
3247 2379 3313 2436 et
3330 2373 3543 2435 honoris
3553 2380 3692 2438 notam:

2293 2480 2356 2536 et
2383 2478 2542 2537 orat.
2573 2475 2636 2551 3,
2655 2472 2764 2533 fol.
2794 2475 2857 2549 7,
2878 2472 2991 2548 ait,
3009 2468 3408 2533 adamam
3425 2484 3525 2531 em
3543 2470 3694 2539 ιίιιιιιιι,

2291 2574 2350 2633 ot
2377 2565 2699 2641 desiderii,
2731 2570 2790 2629 et
2829 2564 3076 2629 honor-is
3103 2562 3378 2643 ripum,
3403 2565 3451 2623 at
3473 2560 3695 2623 asinis!-

2291 2661 2472 2725 mirsi
2513 2664 2692 2741 atque
2730 2657 2984 2721 humilis
3015 2658 3441 2739 ary-mentun.
3466 2654 3528 2715 lit
3544 2651 3588 2713 in
3607 2652 3695 2713 idm

2291 2754 2426 2816 fere
2451 2751 2710 2827 recidit,
2742 2750 2916 2830 qnod
2943 2749 3035 2813 ait
3073 2746 3458 2822 Anastasius,
3481 2747 3530 2807 in
3559 2745 3626 2807 Vll
3639 2746 3698 2822 sf-

2293 2846 2499 2923 nodo,
2531 2853 2655 2909 act.
2685 2850 2750 2921 4,
2779 2844 3190 2909 adorationem
3218 2857 3344 2906 esse
3376 2839 3572 2904 moris
3597 2838 3700 2899 alieti

2296 2942 2556 3006 exhibiti
2579 2938 2946 3021 emphasim,
2975 2936 3044 2999 id
3079 2942 3193 3007 est,
3230 2932 3702 3015 express-immet

2297 3032 2862 3116 significationem,
2897 3030 3048 3111 quia
3081 3035 3238 3091 nota
3265 3034 3372 3090 aut
3399 3024 3632 3105 emphasi
3645 3025 3704 3083 hu-

2297 3128 2470 3189 noris
2491 3144 2622 3188 non
2653 3130 2771 3197 ost,
2795 3123 2914 3185 nisi
2942 3120 3200 3203 aliquod
3231 3120 3462 3201 signnm
3483 3122 3700 3181 etiamn

2296 3238 2411 3303 per
2451 3220 2625 3300 quod
2679 3217 3032 3280 indicamus
3078 3216 3372 3277 affectum
3419 3211 3702 3274 submissius

2299 3334 2452 3395 erga
2481 3314 2710 3386 alium3
2737 3310 3020 3373 adoratio
3043 3309 3240 3391 igitur
3261 3306 3450 3369 solum
3476 3302 3702 3367 estiuati-

2297 3410 2414 3472 bus
2446 3405 2722 3471 externis
2736 3450 2758 3483 ,
2789 3404 3020 3485 quibus
3057 3403 3178 3465 hoc
3205 3398 3594 3482 significamus.

2377 3504 2438 3566 3.
2481 3502 2718 3575 Tertio,
2753 3500 2904 3581 quia
2952 3498 3168 3561 nullus
3211 3503 3309 3560 est
3349 3500 3502 3557 actus
3537 3492 3702 3555 interim

2293 3596 2470 3659 verbi
2493 3594 2720 3676 gratia,
2744 3612 2897 3675 erga
2919 3591 3147 3668 Deum,
3170 3591 3280 3671 qui
3303 3588 3480 3670 possit
3498 3592 3701 3649 oeaeaets

2295 3688 2708 3762 adorationis,
2733 3705 2882 3749 nam
2907 3687 3009 3750 vel
3040 3692 3138 3749 est
3164 3690 3340 3747 actus
3359 3676 3704 3755 intellectuat&

2293 3782 2652 3847 voluntatis.
2678 3782 2750 3844 In
2785 3779 3106 3844 intellectu
3129 3796 3273 3842 esse
3297 3794 3416 3840 non
3437 3780 3607 3856 potest,
3627 3774 3702 3851 quii

2293 3880 2359 3941 in
2391 3879 2498 3941 illo
2546 3877 2748 3941 solum
2797 3882 2892 3939 est
2937 3881 3116 3939 actus
3143 3873 3316 3948 fidei,
3344 3872 3446 3953 qui
3473 3868 3612 3931 babet
3629 3882 3701 3945 pm

2291 3973 2498 4053 priam
2524 3972 2922 4033 honestatem
2953 3968 3312 4031 distinctam
3345 3966 3419 4027 ab
3439 3961 3702 4027 adoratione

2293 4070 2357 4129 et
2383 4064 2552 4129 idem
2579 4069 2673 4127 est
2700 4062 2780 4125 de
2807 4061 3101 4125 omnibus
3125 4059 3312 4123 donis
3341 4057 3632 4127 intellectus,
3647 4049 3703 4129 qui

2293 4157 2673 4220 comitantur
2695 4154 2913 4231 fidem,
2935 4160 3000 4219 et
3025 4155 3226 4216 multo
3249 4151 3442 4232 magis
3459 4151 3522 4213 de
3543 4145 3704 4228 pruden-

2291 4251 2382 4313 tia
2411 4251 2640 4327 infusa,
2669 4250 2942 4310 maxime
2972 4265 3119 4309 cum
3146 4247 3252 4309 illa
3275 4264 3397 4308 non
3419 4248 3628 4307 versetur
3641 4254 3704 4298 ar·

2293 4362 2368 4405 ca
2395 4344 2616 4418 Deum,
2643 4342 2756 4405 sed
2783 4342 2844 4402 in
2875 4341 3244 4403 universum
3271 4339 3450 4401 dictet
3467 4336 3532 4398 de
3551 4329 3706 4412 agendis·

2293 4454 2372 4497 ex
2394 4420 2632 4515 regulis
2654 4434 3268 4515 supernaturalibus.
3291 4430 3480 4494 Oratio
3494 4438 3704 4500 veruque

2291 4529 2356 4589 in
2391 4528 2717 4591 intellectu
2749 4546 2890 4591 esse
2931 4532 3179 4608 potest,
3219 4521 3482 4607 quamvis
3517 4520 3574 4582 sit
3603 4522 3702 4577 attus

2291 4620 2660 4702 religionis,
2691 4621 3020 4684 distinctus
3051 4626 3266 4683 tamen
3293 4624 3384 4681 est
3421 4616 3491 4677 ab
3509 4608 3698 4674 adoratio-

2289 4732 2409 4790 ne,
2439 4715 2588 4776 licet
2617 4732 2787 4794 saepe
2815 4712 3052 4775 habeat
3088 4712 3490 4776 adorationem
3522 4704 3699 4782 conjno

2289 4814 2440 4870 tam.
2489 4806 2660 4871 Sicut
2701 4806 3001 4888 legimus,
3031 4807 3249 4869 Matth.
3281 4808 3400 4869 20:
3440 4798 3636 4865 Amnis
3657 4791 3704 4853 εἰ

2293 4918 2424 4964 eum
2444 4906 2640 4965 macer
2655 4900 2931 4979 filiorum
2954 4899 3250 4975 Zebedoei,
3267 4900 3502 4961 adoran
3517 4894 3702 4972 apsent-

2292 4992 2476 5055 Aliud
2502 5010 2653 5073 ergo
2680 4996 2777 5055 est
2805 4992 3093 5071 adorare,
3115 4994 3286 5055 aliud
3305 4998 3513 5075 petere,
3530 4982 3704 5065 quodsi

2293 5103 2498 5149 orare.
2542 5087 2630 5149 De
2659 5086 2903 5149 actibus
2937 5086 3278 5149 voluntatis
3307 5083 3498 5148 similis
3529 5070 3703 5140 indutio

2291 5177 2425 5241 fieri
2477 5185 2720 5262 potest;
2771 5198 2960 5255 nam,
3003 5181 3058 5242 si
3122 5196 3252 5244 non
3299 5180 3571 5242 versantur
3605 5168 3702 5227 cirta

2285 5273 2509 5351 Deum,
2538 5292 2669 5336 ιιοιι
2698 5281 2962 5355 possunt
2999 5293 3141 5338 esse
3173 5272 3526 5338 adorationes
3545 5266 3656 5344 ejns;
3672 5255 3700 5317 Ξῖ

2284 5372 2498 5430 autem
2523 5372 2854 5431 versantur
2883 5370 3047 5431 circa
3073 5368 3294 5445 Deum,
3317 5368 3478 5430 erunt
3499 5363 3578 5422 aut
3597 5358 3700 5413 aetus

2284 5460 2630 5541 charitatis,
2663 5466 2770 5526 aut
2797 5462 2970 5545 spei,
2999 5465 3111 5526 aut
3143 5458 3499 5531 obedientie,
3521 5450 3590 5516 vei
3611 5445 3700 5508 alte·
