3892 6167
496 337 614 410 ’708

495 450 750 506 uincula
777 459 992 514 semper
1017 447 1260 502 christus
1289 453 1542 516 operatus
1567 454 1646 500 est
1689 458 1785 514 per
1813 445 2055 512 aliquam

555 525 828 580 actionem
857 523 1227 588 humanitatis,
1261 536 1306 575 s.
1330 527 1380 576 9.

495 603 632 731 Νιῖιίι8
644 600 838 730 lastigii
849 603 1170 729 ξιζιεειαιοιιι
1197 599 1268 652 ad
1291 598 1476 652 omnia
1513 595 1780 652 miracula
1817 597 2053 664 possibi-

637 716 649 741 ,
713 716 726 728 .
817 717 830 742 ,
881 710 894 725 .
951 712 964 728 .

1182 799 1363 840 lotus-

491 905 554 960 in
579 916 691 971 quo
711 903 1011 960 sonnatiter
1043 901 1352 960 ratio.modi
1371 899 1649 966 consistat,
1672 898 1727 953 d.
1753 903 1833 963 1³,
1864 913 1908 952 s.
1941 903 1989 954 t.

492 978 805 1034 Differentia
829 979 970 1032 inter
991 979 1216 1032 modum
1237 977 1318 1030 rei
1342 981 1396 1030 et
1413 989 1546 1036 rem,
1570 975 1625 1028 d.
1657 980 1705 1040 8,
1729 988 1774 1028 s.
1797 978 1846 1027 a.

493 1055 608 1110 Non
645 1058 819 1122 potest
837 1054 1078 1121 suppleri
1107 1064 1205 1119 per
1239 1051 1540 1106 realitatem
1575 1050 1908 1112 distinctam,
1953 1061 2057 1102 neo

555 1129 868 1184 moditieare
888 1142 1004 1184 rem
1031 1129 1196 1182 aliam
1215 1128 1378 1182 etiam
1401 1128 1470 1182 de
1491 1126 1730 1194 potentia
1760 1125 1870 1179 Dei.
1890 1125 2055 1179 abso-

555 1205 684 1270 luta,
702 1219 746 1258 s.
779 1208 825 1257 t.

492 1282 606 1336 Non
629 1286 803 1348 potest
823 1281 1064 1336 localiter
1093 1295 1130 1335 a
1149 1292 1208 1334 re
1229 1279 1491 1346 separari,
1523 1280 1578 1333 d.
1601 1283 1682 1344 13,
1702 1293 1746 1332 s.
1767 1283 1814 1330 ⁴.

491 1357 678 1412 nodus
709 1357 1010 1425 spiritualis
1025 1369 1090 1412 ex
1111 1356 1410 1410 intrinseca
1431 1356 1642 1410 ratione
1670 1355 1852 1408 dicere
1885 1359 2057 1422 potest

553 1433 807 1488 ordinem
837 1435 910 1488 ad
937 1447 1052 1488 rem
1073 1432 1428 1496 materialem.
1457 1434 1512 1488 d.
1545 1437 1626 1496 81,
1645 1445 1688 1486 s.
1713 1437 1762 1483 o.
1897 1449 1906 1454 ·

491 1509 762 1578 supponit
781 1509 976 1564 ordine
1001 1514 1208 1564 naturae
1233 1521 1347 1563 rem
1375 1510 1533 1576 cujus
1563 1513 1644 1562 est
1667 1507 1884 1570 moduS,
1909 1518 2053 1573 prae·

553 1584 740 1638 sertim
768 1584 816 1640 si
835 1585 906 1640 sit
927 1591 1232 1646 extraneus,
1250 1583 1306 1636 d.
1341 1588 1425 1648 8⁶,
1445 1598 1488 1637 s.
1521 1589 1568 1637 t.

1124 1715 1254 1754 ΙΟΚΔ
1259 1715 1408 1755 lenm
1417 1739 1427 1750 .

492 1809 866 1867 Romanorum
885 1811 1109 1877 quando
1135 1809 1322 1878 coepit,
1344 1809 1399 1862 d.
1433 1813 1481 1871 t,
1513 1823 1555 1862 s.
1587 1815 1636 1860 2.

491 1885 798 1938 Graecorum
818 1885 1130 1952 quotannis
1155 1884 1449 1950 duraverit,
1473 1885 1548 1938 ib.

491 1960 628 2024 Quot
643 1961 962 2016 monarchia
989 1962 1290 2026 Persarum,
1316 1960 1390 2013 ib.

861 2089 1068 2139 Ioum,
1091 2087 1150 2128 n·
1175 2089 1366 2129 nouus
1385 2089 1435 2128 ΙΙ(
1463 2087 1686 2130 ΩΕΙΒῘΟ.

489 2188 706 2246 Uorbua
727 2189 788 2244 in
821 2201 932 2255 quo
953 2188 1232 2255 consistat,
1259 2189 1316 2244 d.
1345 2193 1426 2253 σε,
1447 2202 1492 2242 s.
1531 2195 1560 2242 a

488 2265 729 2320 christus
760 2267 1013 2320 morbum
1034 2277 1146 2322 non
1169 2264 1480 2331 assumpsit,
1504 2263 1688 2320 necin
1719 2261 1876 2318 illum
1911 2261 2049 2320 inci-

549 2340 664 2396 dit:
696 2340 960 2407 potuisset
989 2345 1168 2394 tamen
1201 2340 1462 2404 incidere,
1491 2340 1538 2394 si
1563 2340 1636 2394 ad
1665 2351 1934 2396 suminam
1960 2352 2056 2394 us·

551 2428 662 2482 que
681 2421 894 2473 aetatem
917 2415 1244 2483 perveniret,
1267 2415 1344 2471 ib.

1195 2544 1338 2585 1018·

489 2640 708 2694 Mortem
747 2641 918 2694 Deum
954 2649 1064 2692 non
1111 2637 1304 2692 secisse
1343 2638 1577 2705 qualiter
1611 2637 2048 2704 intelligendum,

489 2715 858 2846 Hsrtgmsagaz
875 2796 931 2846 et
951 2795 1288 2858 posterorum
1309 2791 1428 2856 ejus
1449 2803 1562 2846 non
1585 2790 1739 2857 prius
1759 2791 1900 2844 Deus
1915 2787 2055 2844 vidit

551 2879 716 2932 quam
745 2870 1044 2933 peceatum,
1071 2866 1144 2920 ib.

489 2941 734 2996 christus
754 2954 853 3009 per
874 2949 1104 2999 mortem
1123 2955 1282 2999 suam
1307 2943 1492 3010 (quam
1519 2942 1700 3010 quoad
1723 2953 1915 2998 omnes
1940 2939 2054 2994 cir·

553 3018 899 3073 sumstantias
916 3017 1310 3086 praedessnitam
1329 3017 1686 3074 verisimilius
1711 3017 1805 3082 est)
1827 3015 1936 3074 sibi
1956 3015 2057 3070 ali-

553 3092 694 3220 quig
713 3093 932 3158 meruit,
970 3101 1152 3148 tamen
1185 3107 1298 3150 non
1330 3094 1530 3150 dicitur
1570 3107 1668 3164 pro
1703 3107 1760 3148 se
1789 3099 2051 3158 mort-uus,

489 3169 630 3300 ⁸3¹3
658 3174 1078 3312 phasia'peocan,
1097 3246 1152 3302 a.
1177 3251 1226 3310 s,
1261 3259 1306 3300 s.
1333 3253 1379 3298 a.

1167 3371 1367 3413 nonu.

487 3471 602 3533 Quo
627 3483 790 3526 sensu
815 3472 910 3526 nei
941 3477 994 3525 et
1026 3472 1316 3528 hominum
1339 3472 1626 3540 mediator,
1649 3475 1702 3530 d.
1741 3479 1818 3538 se,
1838 3490 1882 3528 s.
1908 3477 1957 3526 Β.

1193 3599 1366 3639 mni.

487 3695 708 3752 Duratio
726 3711 823 3766 per
843 3712 938 3754 sex
963 3705 1144 3754 aetates
1165 3697 1224 3753 in
1251 3696 1567 3781 universum
1606 3699 1862 3756 distribui
1895 3699 2047 3768 solet,

547 3772 690 3910 gisel
701 3777 930 3917 ffinsshue
955 3849 1248 3916 duraverit,
1282 3848 1354 3903 ib.

1233 3975 1294 4052 N

811 4143 1024 4195 anun,
1057 4143 1252 4184 mwu
1272 4143 1460 4192 ΒΙἮΝΔ,
1493 4141 1714 4184 uultu.

481 4227 690 4286 Natura
718 4231 854 4287 ordo
885 4237 939 4284 et
964 4229 1150 4298 gratiae
1171 4231 1446 4298 quomodo
1459 4228 1733 4296 differant,
1755 4233 1811 4287 d.
1837 4237 1970 4298 to,s.
1994 4241 2041 4289 o.

481 4305 677 4359 Natura
696 4306 846 4360 unde
869 4306 1101 4370 dicatur,
1125 4311 1182 4359 et
1197 4306 1334 4372 quid
1357 4305 1446 4368 sit,
1474 4305 1528 4359 d.
1551 4310 1598 4368 ο,
1622 4318 1666 4358 s.
1693 4311 1741 4358 2.

483 4380 694 4436 Namrae
711 4381 947 4448 qualiter
969 4382 1260 4436 conveniat
1282 4395 1378 4448 per
1397 4394 1456 4436 se
1477 4381 1724 4444 existere,
1745 4383 1800 4438 d.
1824 4387 1904 4450 11,
1925 4401 1969 4442 a.
1992 4391 2039 4440 8.

479 4455 676 4509 Natura
707 4461 866 4509 etres
898 4457 1188 4520 naturales,
1217 4462 1349 4522 quot
1386 4456 1566 4510 modis
1598 4454 1870 4526 dicantur,
1894 4461 1950 4515 d.
1990 4468 2039 4526 9,

541 4544 584 4584 ε.
610 4535 658 4582 2.

477 4608 612 4660 cum
636 4607 759 4661 duae
775 4611 982 4660 naturae
1001 4606 1271 4662 uniuntur
1289 4606 1346 4660 in
1371 4608 1536 4662 unica
1554 4607 1900 4664 subsistentia
1921 4623 2042 4680 per—

537 4681 738 4746 sonali,
762 4695 827 4736 ex
845 4685 926 4736 eis
949 4682 1172 4738 resultat
1195 4695 1308 4738 una
1327 4695 1578 4750 persona,
1600 4685 1655 4738 d.
1685 4691 1736 4748 s,
1755 4699 1797 4738 a.
1822 4690 1870 4737 ει.

475 4759 672 4812 Natura
692 4759 1078 4818 substantialis,
1102 4758 1231 4812 licet
1252 4759 1567 4813 naturaliter
1595 4772 1712 4814 esse
1735 4772 1846 4815 non
1872 4761 2040 4829 possit

537 4833 653 4886 sinc
685 4834 1051 4897 subsistentia,
1075 4845 1188 4888 non
1214 4839 1395 4887 tamen
1415 4834 1484 4887 ab
1505 4833 1600 4887 illa
1624 4834 1731 4889 nisi
1753 4841 1814 4890 ut
1839 4848 1872 4889 a
1900 4849 2039 4890 con-

536 4915 796 4975 sequente
823 4910 1140 4964 conditione
1161 4910 1380 4976 pendet,
1405 4910 1460 4965 d.
1485 4915 1534 4974 8,
1559 4923 1602 4964 s.
1627 4915 1676 4962 1.

472 4985 670 5043 Natura
689 4984 888 5040 dicitur
906 4985 1232 5040 constituere
1248 4997 1536 5054 personam
1555 4985 1940 5044 constitutione
1956 5001 2038 5043 es·

533 5059 770 5124 sentiali,
800 5072 912 5113 non
937 5059 1232 5127 personali,
1257 5062 1312 5116 d.
1350 5065 1430 5126 11,
1453 5075 1497 5115 s.
1519 5067 1566 5114 o.

471 5137 527 5190 Si
549 5137 740 5190 eadem
765 5149 798 5189 a
825 5136 1000 5190 tribus
1019 5137 1227 5192 divinis
1248 5138 1498 5205 personis
1517 5144 1897 5204 assumeretur,
1933 5152 2035 5194 ne-

529 5214 764 5267 cessario
786 5219 964 5266 essent
981 5219 1090 5267 tres
1119 5214 1372 5278 uniones,
1393 5216 1450 5268 d.
1470 5218 1550 5279 ¹⁸,
1571 5229 1618 5268 s.
1638 5220 1686 5267 π.

466 5287 784 5355 communis
805 5294 998 5342 natura
1017 5289 1220 5343 assumi
1243 5301 1354 5344 non
1378 5295 1568 5357 potest.
1589 5291 1729 5345 sicut
1765 5304 1870 5345 nec
1898 5291 2027 5347 sub-

528 5363 743 5428 sistens,
764 5363 875 5417 nisi
897 5365 1116 5437 propria
1135 5365 1512 5432 personalitate
1535 5366 1795 5434 privetur,
1820 5381 1863 5420 s.
1886 5372 1933 5420 ⁴.

465 5439 584 5496 Una
602 5445 796 5498 natura
814 5439 884 5494 de
901 5440 1010 5496 alia
1029 5441 1088 5496 in
1107 5441 1372 5498 abstracto
1395 5441 1675 5508 praedicari
1699 5455 1810 5498 non
1832 5449 2022 5510 potest,

526 5516 561 5567 «l
606 5519 686 5578 ³5,
705 5519 816 5569 sd.

1857 339 2047 402 txutzx
2078 338 2307 400 ilfflttss.

2134 445 2333 500 Natura
2354 453 2532 500 creata
2566 449 2739 513 potest
2760 455 2877 500 esse
2894 446 3057 500 simul
3090 445 3149 502 in
3176 445 3439 514 pluribus
3457 450 3689 514 personis

2194 520 2531 652 gxtf'inzetiia
2554 519 2791 578 secusia
2820 534 2933 575 una
2951 519 3175 590 propria
3205 527 3261 576 et
3280 521 3397 576 alia
3430 527 3693 584 extranea,

2132 635 2557 728 Natini-{divina
2598 673 2779 730 existit
2800 686 2899 742 per
2934 687 3095 730 suum
3126 687 3246 730 esse
3272 673 3616 738 ahsolutum,
3648 675 3699 730 in

2196 761 2307 876 ᾆιιιὲ
2330 747 2481 878 ιιιίἱὶιὲΙ1
2503 749 2759 879 ejtzquod
2786 749 2935 803 illam
2966 750 3155 805 reddat
3197 749 3703 804 incommunicabi-

2196 863 2357 1028 gsua
2378 859 2805 968 suppositalitate
2842 901 3051 956 ratione
3087 907 3302 956 tantum
3326 897 3701 966 distinguitur.

2134 1011 2253 1104 Gur·
2274 979 2451 1105 ιίξῖιιῖε
2472 981 2832 1108 {elationibus
2860 1051 3201 1118 terminetur,
3232 1053 3293 1107 d.
3328 1057 3419 1118 21,
3444 1066 3493 1106 s.
3532 1057 3580 1104 2.

2133 1124 2247 1178 Non
2268 1129 2348 1179 est
2366 1127 2566 1192 genita,
2589 1127 2683 1180 sed
2705 1141 2801 1194 per
2828 1129 3233 1194 generationem
3269 1128 3603 1194 aceepta‚d.
3633 1134 3701 1190 tt.

2136 1207 2433 1330 Sustitgactis
2464 1291 2563 1345 per
2586 1277 2921 1334 intellectum
2940 1280 3375 1348 proprietatibus
3404 1281 3693 1345 personali-

2198 1353 2319 1414 bus.
2354 1353 2531 1420 potuit
2560 1356 2703 1410 Deus
2732 1368 2797 1410 ex
2829 1356 2885 1409 vi
2906 1369 3017 1409 suae
3048 1355 3435 1410 subsistentiae
3466 1361 3687 1410 natumst

2198 1435 2431 1482 creatam
2450 1443 2757 1494 assumere;
2782 1443 2939 1484 secus
2970 1431 3015 1484 si
3051 1444 3163 1484 non
3184 1429 3545 1494 subsisteret,
3564 1444 3613 1482 n.
3630 1437 3696 1489 ta,

2134 1509 2328 1634 Nastur'a
2354 1580 2546 1635 divina
2572 1595 2639 1635 ex
2664 1597 2761 1636 sua
2778 1583 2989 1638 ratione
3020 1585 3253 1651 postulat
3272 1583 3382 1637 tria
3414 1582 3707 1652 supposita.

2198 1661 2252 1709 et
2279 1657 2513 1723 qualiter
2544 1657 2603 1710 in
2634 1657 2745 1712 illis
2776 1659 2943 1714 simul
2976 1659 3065 1724 sit,
3095 1659 3171 1713 ih.

2136 1729 2453 1786 Nullatenus
2496 1739 2671 1800 potest
2713 1735 3011 1790 informare
3052 1734 3397 1790 intellectum
3452 1737 3713 1794 creatum.

2196 1805 2326 1934 {iffi-g
2348 1807 2404 1936 eg
2432 1807 2603 1936 pgssgt
2628 1808 2777 1936 ιἰιιὶτὶ
2816 1823 2911 1878 per
2943 1811 3167 1865 modum
3200 1809 3417 1880 speciei
3451 1807 3717 1874 intelligi-

2133 1923 2397 2088 Naturam¹
2411 1923 2679 2014 divinam.
2696 1973 2815 2016 esse
2845 1961 3183 2018 incarnatam
3208 1962 3307 2032 qui
3326 1961 3541 2020 Patres
3565 1959 3717 2015 dixe-

2134 2041 2385 2166 Naltlulifa'm
2404 2039 2713 2166 ’ῐιξιίιιιέιιέιιι
2746 2115 2917 2170 Deum
2944 2127 3217 2170 assumere
3245 2111 3715 2170 convenienti&-

2134 2187 2721 2330 Pemigxgkgiutffishsda
2753 2269 2833 2318 est
2866 2271 2991 2332 apta
3021 2265 3268 2330 materia,
3296 2271 3363 2318 ut
3400 2265 3463 2319 in
3493 2279 3563 2318 ea
3584 2265 3713 2318 Deus

2194 2337 2461 2404 justitiam
2494 2353 2649 2394 suam
2682 2339 2848 2394 simul
2868 2353 2996 2394 cum
3026 2340 3419 2396 misericordia
3440 2340 3707 2407 pateface-

2134 2419 2297 2542 lui-g?
2319 2418 2567 2545 {Regiam
2607 2491 2905 2547 humanam
2936 2498 2990 2546 et
3022 2491 3271 2548 divinam
3302 2491 3537 2558 Christi,
3565 2492 3705 2548 nulla

2198 2564 2491 2622 intervenit
2518 2568 2709 2624 relatio
2732 2568 2897 2624 realis
2929 2567 3181 2638 unionis,
3216 2569 3275 2624 d.
3308 2575 3361 2636 8,
3393 2584 3445 2624 s.
3480 2575 3509 2622 a
3532 2586 3545 2635 ;
3572 2569 3705 2624 benc

2194 2645 2376 2694 tamen
2404 2643 2651 2710 rationiS,
2688 2644 2765 2697 ib.

2134 2715 2421 2784 Utriusque
2441 2724 2649 2776 naturae
2680 2720 3035 2788 proprietates
3058 2725 3399 2779 manserunt
3418 2720 3481 2776 in
3507 2722 3697 2776 Christo

2196 2791 2483 2859 distinctae,
2506 2794 2561 2850 d.
2596 2801 2677 2861 85,
2708 2811 2753 2850 s.
2778 2803 2827 2850 2.

2132 2869 2385 2924 Naturam
2416 2870 2786 2928 irrationalem
2806 2873 2953 2928 uniri
2979 2873 3323 2942 hypostatice
3340 2873 3445 2928 Deo
3462 2887 3567 2928 non
3582 2875 3681 2928 im-

2198 2943 2380 3010 plicat,
2404 2959 2562 3002 secus
2591 2947 2771 3016 ipsum
2790 2948 3002 3012 videre,
3034 2947 3088 3002 d.
3125 2951 3209 3012 1⁴,
3243 2963 3293 3004 s.
3320 2954 3371 3000 2.

2134 3019 2293 3108 Lieet-
2314 3032 2427 3075 uon
2449 3022 2519 3078 sit
2540 3023 2597 3076 in
2621 3022 2735 3089 illa,
2754 3023 3056 3110 extrinseca
3082 3024 3481 3112 congruentia·
3490 3025 3557 3078 ad
3570 3028 3689 3110 lianc

2196 3108 2479 3162 unionem,
2518 3111 2630 3152 non
2664 3105 2942 3156 esttamen
2966 3113 3025 3154 ιιι
3047 3113 3167 3166 ejus
3201 3105 3587 3167 assumptione
3616 3113 3695 3154 ιιι-

2196 3171 2465 3240 (Ιοοειιιίιι,
2493 3187 2536 3226 s.
2574 3179 2621 3226 3.

2772 3295 3055 3338 mimim-

2136 3393 2363 3450 Nestorii
2398 3407 2551 3452 error
2577 3395 2673 3464 qui
2707 3397 2891 3464 suerit,
2926 3399 2978 3453 d.
3014 3403 3063 3465 6,
3098 3413 3141 3452 s.
3177 3404 3226 3454 2.

2134 3471 2361 3526 Nestorii
2385 3485 2644 3541 sequaces
2674 3475 2769 3542 qui
2802 3475 3026 3540 fuerint,
3060 3487 3104 3530 s.
3139 3479 3191 3528 3.

2132 3545 2467 3678 ’[οὲἒᾶιίιέωὸ
2504 3547 2901 3676 ἰῖιοειτιιιιῑίοιιίε
2946 3549 3309 3605 substantiam
3353 3561 3480 3605 esse
3515 3561 3709 3618 negare

2131 3699 2261 3765 Ejus
2286 3663 2441 3756 error
2470 3665 2537 3754 ex
2556 3666 2811 3769 'professo
2832 3685 3166 3767 confutatur,
3184 3715 3229 3757 s.
3260 3705 3312 3759 Ξ.

2130 3773 2368 3904 Ωιιὲἒίῐῗιι·
2390 3775 2685 3904 ἰὲιδῦιέτίἓιο
2714 3790 2881 3834 unam
2905 3783 3115 3834 tantum
3148 3777 3495 3834 voluntatem
3520 3791 3707 3845 posue·

2270 3892 2281 3916 ‚
2358 3887 2371 3902 .
2475 3893 2487 3918 ‚
2552 3888 2567 3906 .
2638 3893 2651 3907 .

2128 4075 2357 4132 Nomina
2390 4090 2535 4134 nova
2568 4079 2726 4134 novis
2760 4081 2923 4134 rebus
2956 4079 3314 4148 imponenda.
3338 4079 3556 4137 Praet'at.

2126 4151 2355 4207 Nomina
2380 4155 2647 4214 abstracta
2664 4155 2975 4224 significant
3003 4157 3060 4212 in
3095 4157 3378 4226 Scriptura
3404 4157 3703 4226 perfectio-

2191 4241 2317 4284 nem
2341 4228 2419 4284 rei
2454 4231 2543 4284 cui
2571 4231 2961 4298 attribuuntur,
2980 4231 3037 4288 d.
3065 4238 3112 4298 t,
3136 4247 3179 4287 s.
3208 4237 3255 4286 ο.

2128 4305 2321 4360 Novati
2349 4319 2501 4362 error
2518 4308 2614 4375 qui
2637 4309 2818 4376 ruerit,
2842 4323 2887 4364 s.
2909 4315 2957 4362 8.

2861 4464 2921 4538 Ο

2746 4626 3056 4666 casuram-u.

2119 4697 2436 4828 Obgdientia
2464 4703 2517 4753 et
2548 4698 2741 4768 religio
2759 4707 2839 4755 est
2855 4699 2926 4755 ad
2944 4700 3195 4782 alterum,
3218 4699 3363 4756 sieut
3388 4709 3448 4756 et
3461 4701 3677 4770 justitia,

2225 4815 2236 4827 .
2296 4816 2309 4840 ,
2338 4789 2380 4830 s.
2406 4782 2455 4830 s.

2786 4885 2993 4926 ΟΒΙιΔῊΟ
3000 4911 3011 4923 .

2118 4991 2325 5047 oblatio
2353 4992 2550 5047 Christi
2577 5000 2637 5049 ut
2668 4997 2737 5050 ab
2768 4996 2887 5066 ipso
2909 4993 3254 5064 procedebat,
3290 4994 3540 5048 habebat
3562 4993 3661 5046 iuti·

2178 5069 2357 5122 nitum
2388 5069 2627 5123 valorem
2661 5072 2983 5139 simpliciter
3005 5111 3019 5137 ,
3050 5081 3161 5126 non
3197 5075 3259 5125 ut
3290 5069 3617 5137 procedebat
3641 5081 3668 5119 a

2176 5142 2231 5194 B.
2262 5143 2485 5210 Virgine
2511 5145 2597 5200 vel
2628 5147 2925 5202 sacerdote.

2114 5215 2325 5278 omatio
2337 5217 2534 5272 christi
2556 5232 2669 5278 non
2692 5221 2799 5276 ruit
2814 5221 3031 5276 infinita
3050 5220 3379 5290 simpliciter
3400 5221 3463 5275 in
3480 5220 3670 5282 ratione

2170 5291 2333 5358 pretii
2368 5305 2435 5348 ex
2464 5295 2581 5350 sola
2608 5311 2667 5352 re
2690 5297 2889 5364 oblata,
2916 5295 2991 5352 ib.

2690 5427 3072 5469 mirorum.

2104 5521 2505 5590 omnipotentia
2528 5524 2619 5582 Dei
2646 5523 2967 5592 simpliciter
2994 5537 3097 5580 nec
3120 5523 3225 5604 suit
3240 5525 3657 5584 communicata.
