3892 6167
1484 373 1719 441 Quffis‘r.
1757 373 1861 428 xx.
1896 374 2098 430 Anne.
2139 376 2196 429 ιι.

186 471 389 534 tionis
410 477 521 534 eat
537 473 615 534 in
638 469 953 547 omnibus,
966 477 1029 536 et
1042 472 1193 554 quia
1218 472 1339 537 sub
1352 473 1473 546 hoc
1500 476 1781 553 nomine,

184 564 545 646 abjectus,
574 564 781 628 omnis
806 565 1063 630 inferior
1076 568 1527 648 comprehendi
1550 577 1779 650 potest.

266 661 333 719 2.
383 657 699 726 Affirmat
736 658 927 739 igitur
967 661 1037 724 D.
1075 661 1348 724 Thomas
1378 661 1513 726 haec
1556 664 1675 726 tria
1716 664 1783 728 in

3315 376 3434 440 389

1865 474 2156 540 videatur
2196 493 2432 558 negare
2471 477 2788 542 Christum
2815 495 3000 561 posse
3031 477 3155 542 dici
3183 481 3431 562 subJec-

1864 573 1997 630 tum
2013 613 2036 646 ,
2067 570 2155 632 sic
2181 569 2346 632 enim
2381 569 2590 650 inquit
2621 589 2636 631 :
2671 571 2801 638 Nec
2840 572 3032 636 Patri
3057 573 3286 652 subjici
3330 591 3432 638 ne·

1864 679 2022 728 cesso
2047 663 2224 728 habet
2234 689 2260 737 ,·
2279 663 2492 726 etenim
2515 681 2638 745 qua
2657 665 2898 728 ratione
2921 665 3087 728 Deus
3107 671 3220 741 est,
3242 665 3432 732 Patri

180 751 517 816 Christum
546 753 889 818 convenire
911 799 929 828 ,
968 754 1145 834 quod
1170 756 1323 818 satis
1357 755 1525 820 clarc
1567 763 1633 820 et
1658 757 1783 820 dis·
1862 757 2118 837 (equalis
2153 761 2276 832 ost,
2307 775 2427 820 non
2457 763 2656 822 autem
2701 759 3114 830 adversarius,
3149 777 3254 822 nec
3287 761 3429 824 sub-

184 846 389 908 tincte
444 845 694 925 probat
744 847 1119 910 testimoniis
1166 848 1663 930 scripturarum,
1716 857 1782 916 et

184 938 565 1004 rationibus
632 957 771 1019 quse
826 942 1219 1022 expositione
1278 963 1409 1008 non
1468 943 1774 1024 indigent.

187 1033 519 1108 Quoniam
550 1051 707 1098 vero
750 1035 833 1098 de
858 1053 931 1098 re
956 1035 1089 1100 fere
1132 1036 1305 1099 nulla
1358 1037 1458 1100 hic
1498 1045 1597 1103 est
1623 1037 1779 1100 diffi-

185 1127 397 1190 cultas
410 1171 440 1203 ,
470 1128 811 1208 supposita
836 1129 1145 1192 catholica
1172 1129 1301 1194 fide
1328 1131 1409 1194 de
1446 1149 1595 1194 vera
1620 1131 1780 1194 divi-

182 1219 389 1282 nitate
410 1226 483 1282 et.
502 1221 903 1284 humanitate
931 1239 1214 1301 personae
1234 1223 1493 1300 Christi3
1517 1222 1629 1286 sed
1648 1229 1778 1286 tota

182 1312 538 1382 difficultas
558 1321 661 1378 est
681 1315 762 1378 de
780 1314 972 1378 modo
998 1315 1333 1396 loquendi;
1354 1317 1499 1380 ideo
1518 1317 1591 1379 D.
1610 1319 1777 1380 Tho-

180 1425 359 1482 mas,
390 1407 467 1468 in
511 1408 837 1470 solutio-ne
862 1409 945 1470 ad
990 1408 1265 1488 primum
1310 1416 1373 1472 et
1400 1410 1769 1486 secundum,

180 1497 355 1560 hunc
384 1500 701 1580 explicat.
726 1501 991 1581 lnquirit
1016 1503 1186 1564 enim
1212 1503 1277 1564 in
1305 1502 1424 1568 illis
1446 1521 1773 1584 argumen-

184 1594 265 1654 tis
276 1639 302 1668 ,Α
332 1611 423 1656 an
450 1593 836 1674 simpticiter
861 1593 985 1658 dici
1013 1596 1253 1675 possint
1276 1596 1411 1658 haec
1436 1596 1773 1676 praedicata

184 1686 265 1748 de
284 1688 577 1764 Christo,
594 1689 697 1754 vel
714 1688 919 1752 solum
938 1688 1203 1752 camilla
1224 1689 1769 1768 determinatione,

186 1781 255 1842 ia
290 1785 613 1862 quantem
640 1782 829 1846 homo.
876 1785 951 1846 Et
995 1785 1227 1846 sentire
1270 1784 1519 1848 videtur
1550 1801 1774 1848 conve-

186 1873 477 1940 nientius
520 1891 674 1941 esse
716 1875 887 1960 hauc
926 1876 1515 1942 determinationem
1555 1877 1777 1958 adjun-

190 1985 367 2046 gere,
407 1975 689 2049 propter
735 1969 1065 2034 vitandum
1113 1971 1461 2051 periculum
1518 1971 1770 2046 erroriS,

186 2061 577 2140 simpliciter
594 2065 811 2126 tamen
832 2081 961 2126 non
984 2082 1121 2126 esse
1150 2064 1601 2139 necessarium,
1622 2064 1773 2142 quia

190 2154 439 2218 etiamsi
462 2173 611 2220 nnn
634 2163 907 2236 ponatur
922 2159 1383 2234 determinatim
1406 2158 1771 2239 intelligitur

192 2247 315 2311 tale
368 2249 800 2329 pzaedicatum
854 2251 1041 2314 tribui
1093 2251 1371 2325 christu,
1422 2251 1772 2314 secundum

194 2359 333 2403 eam
352 2349 691 2418 naturam,
707 2345 1053 2407 secundum
1074 2363 1264 2424 quam
1287 2349 1495 2424 potest
1514 2345 1604 2406 illi
1624 2363 1770 2408 con-

194 2434 456 2509 venil-tu
482 2453 701 2516 neque
730 2439 797 2500 in
825 2439 943 2500 hoc
973 2438 1151 2516 ponit
1174 2439 1247 2500 D.
1276 2439 1549 2512 Thomas
1576 2437 1770 2500 ullam

192 2525 629 2592 differentiam
678 2531 849 2594 inter
887 2531 995 2594 illa
1042 2532 1163 2594 tria
1216 2531 1580 2610 praedicata3
1628 2549 1770 2610 qum

196 2623 405 2684 omnia
428 2624 733 2704 proprias
750 2624 1147 2688 difficultates
1164 2623 1403 2688 habent
1424 2623 1587 2686 infra
1610 2629 1769 2688 trac-

194 2713 433 2780 tendas.

270 2811 329 2871 3.
374 2811 665 2875 Tertium
704 2818 1151 2891 argumentum
1188 2811 1519 2878 fundatum
1564 2819 1660 2876 est
1701 2813 1767 2874 in

194 2900 400 2966 verbis
442 2905 669 2980 Pauli,
713 2908 736 2968 t
778 2905 859 2968 ad
893 2905 1171 2968 Corinth.
1219 2907 1297 2968 15
1328 2923 1345 2969 z
1378 2905 1531 2970 Cum
1566 2911 1770 2970 autem

195 2994 457 3074 abjecta
488 2999 739 3074 fuerint
782 2998 884 3062 tui
930 3000 1153 3073 omnia,
1201 3005 1344 3064 tuuc
1383 2999 1515 3078 ipse
1558 2997 1768 3063 Filius

198 3088 496 3170 subjectus
560 3093 680 3158 ortt
721 3091 849 3166 ilci,
900 3091 1009 3174 qui
1057 3091 1177 3156 sibi
1226 3091 1477 3172 culmo-it
1525 3093 1765 3165 omnia,-

200 3181 421 3258 quihus
478 3183 827 3264 significari
876 3185 1144 3262 videtur,
1204 3185 1428 3248 Filium
1480 3184 1765 3247 nondum

200 3290 331 3335 esse
356 3276 725 3357 subjectum
755 3277 941 3342 Patri.
984 3279 1061 3342 Et
1092 3279 1433 3360 respondet
1466 3296 1610 3342 cum
1636 3278 1765 3341 Au-

201 3368 455 3447 gustin„
495 3371 609 3432 lib.
648 3374 678 3434 1
720 3370 801 3434 de
830 3372 1075 3446 Trinit„
1114 3391 1173 3437 c.
1214 3374 1279 3450 8,
1308 3391 1481 3434 nunc
1505 3371 1764 3450 quidem

200 3457 415 3525 Filium
442 3470 523 3528 ut
558 3463 884 3528 hominem
922 3464 1029 3547 (ita
1071 3467 1241 3529 enim
1284 3465 1761 3547 intelligendum

198 3555 317 3634 est)
353 3555 417 3618 in
448 3558 711 3638 propria
738 3557 1131 3622 humanitate
1157 3575 1271 3621 sua
1302 3575 1441 3622 esse
1482 3557 1759 3640 perfecte

200 3647 555 3728 subjectum
596 3653 783 3727 Patri,
812 3659 965 3715 tunc
1003 3659 1213 3716 autem
1244 3654 1529 3718 futurum
1566 3655 1757 3716 etiam

201 3739 553 3821 subjectum
578 3745 646 3808 in
674 3745 977 3808 membris
1007 3747 1140 3809 suis
1155 3763 1177 3825 ;
1208 3747 1382 3828 quia,
1408 3747 1559 3809 licet
1592 3763 1757 3808 nunc

203 3837 401 3898 omnia
429 3839 564 3900 sint
592 3839 874 3919 subjecta
904 3841 1069 3904 Patri
1102 3841 1315 3920 quoad
1352 3844 1753 3922 potestatem,

199 3943 318 3990 non
346 3937 567 3996 tamen
586 3933 797 4014 quoad
814 3934 1071 4016 plenam
1104 3935 1670 4018 participationem,
1697 3939 1760 3998 et

199 4021 536 4099 perfectam
554 4027 1003 4116 obedientiam,
1016 4037 1081 4092 et
1096 4029 1595 4094 conformitatem
1614 4047 1760 4092 cum

200 4112 357 4179 illius
381 4120 737 4198 voiuntate,
765 4139 959 4201 qnam
989 4123 1445 4203 subjectionem
1471 4129 1621 4186 tunc
1644 4123 1760 4186 ha-

202 4203 449 4276 hebent.
486 4215 562 4276 Et
592 4213 757 4278 hanc
798 4216 1259 4296 expositionem
1288 4217 1589 4280 latissime
1618 4237 1759 4298 pro·

206 4305 481 4381 sequitur
510 4309 695 4388 Greg.
720 4311 772 4370 N
774 4327 1017 4390 yssen.‚
1050 4316 1209 4374 orat.
1245 4311 1500 4390 propria
1542 4311 1623 4373 de
1647 4311 1765 4374 hac

204 4408 299 4467 re,
326 4397 435 4460 uhi
479 4400 647 4462 eirca
674 4402 955 4464 medium
982 4403 1080 4464 his
1108 4404 1325 4482 paucis
1352 4403 1559 4467 verbis
1584 4403 1760 4466 illam

207 4489 549 4554 concludit:
577 4491 727 4567 >Quae
751 4495 919 4560 Filii
944 4497 1179 4561 dicitur
1196 4497 1508 4576 subjectio,
1525 4513 1637 4576 per
1654 4513 1763 4560 nos

204 4577 297 4654 fit,
314 4586 531 4668 quippo
556 4604 690 4650 cum
716 4605 809 4664 aa,
832 4606 967 4668 μω
982 4587 1047 4652 in
1074 4605 1317 4670 corpore
1343 4591 1475 4672 ejus
1490 4593 1759 4670 perfecta

208 4670 389 4743 furit
413 4679 720 4758 subjectio,
746 4683 833 4746 ad
852 4699 986 4746 eum
1011 4686 1341 4758 referatur,
1365 4685 1473 4764 qui
1495 4685 1565 4746 in
1586 4684 1760 4747 nobis

207 4769 461 4840 mutim
506 4773 898 4851 subjectionis
946 4776 1173 4857 effecit.
1222 4775 1527 4838 Eamdem
1565 4775 1759 4840 habet

210 4857 513 4940 Ambros„
551 4865 661 4929 lib.
703 4869 743 4928 ὃ
778 4866 858 4929 de
892 4867 1066 4943 Fide,
1102 4885 1158 4932 c.
1191 4872 1255 4944 6,
1295 4868 1407 4930 ubi
1439 4869 1755 4932 interdum

210 4945 280 5050 fle
306 4951 647 5022 Christoin
682 4959 1075 5024 humanitate
1114 4981 1230 5024 sua
1258 4981 1371 5043 pro
1400 4963 1581 5026 nobis
1609 4963 1757 5025 sub-

204 5051 383 5121 Jecto,
410 5051 732 5116 interdum
768 5053 848 5116 dc
894 5073 1157 5135 corpore
1196 5057 1483 5136 mystice,
1527 5073 1644 5118 seu
1676 5056 1756 5119 de

211 5131 433 5204 Christo
466 5143 533 5206 in
569 5145 753 5209 nobis
790 5147 1075 5226 subjecto
1104 5146 1309 5224 Patri,
1338 5148 1549 5210 locum
1578 5149 1755 5212 illum

213 5230 509 5327 explicare
548 5237 817 5303 videtur.
858 5239 1100 5302 Clarius
1141 5241 1467 5320 Origenes,
1509 5241 1683 5304 hom.
1714 5246 1754 5306 2

213 5332 273 5376 m
300 5323 449 5389 Psal.
472 5331 573 5405 36,
604 5331 665 5392 in
685 5332 1118 5412 principi0.Ac
1146 5333 1753 5414 deniqueDamasc.,

214 5404 311 5514 lii>-
344 5420 385 5476 4
410 5420 487 5480 de
519 5421 691 5498 Fide,
724 5442 865 5504 cap.
898 5427 1001 5500 19,
1028 5433 1169 5506 post
1199 5425 1503 5502 medium,
1532 5426 1639 5489 ubi
1668 5427 1755 5488 ita

220 5503 441 5574 videtur
468 5513 632 5576 hanc
667 5511 1122 5594 subjectionem
1146 5519 1229 5584 ad
1258 5537 1375 5583 nos
1398 5520 1658 5597 referre,
1686 5527 1757 5584 ut

1849 847 2054 927 jactus
2066 874 2094 923 ;
2121 867 2240 930 qua
2267 855 2466 914 autem
2496 850 2666 912 homo
2707 868 3014 932 nunquam
3060 851 3250 916 Patri
3290 870 3430 916 con-

1861 947 2077 1008 tumaoe
2101 945 2258 1018 neit,
2291 947 2364 1008 ut
2385 942 2440 1008 ei
2467 943 2822 1024 subjectione
2843 945 2934 1008 sit
2975 961 3162 1026 opum
3188 944 3324 1021 sed,
3356 949 3430 1008 ut

1860 1051 1941 1096 ex
1974 1035 2112 1114 ipsa
2140 1037 2382 1098 ratione
2403 1081 2420 1110 ,
2451 1053 2578 1114 qua
2609 1037 2826 1112 utitur,
2854 1043 3120 1116 constat,
3151 1038 3430 1116 loquitur

1860 1127 1939 1190 de
1969 1147 2133 1190 nova
2165 1129 2592 1209 subjectione,
2621 1148 2736 1210 per
2765 1147 2957 1208 quam
2985 1131 3160 1212 prior
3203 1131 3427 1194 inobe-

1859 1221 2096 1284 dientia
2149 1221 2250 1284 vel
2297 1223 2692 1286 contumacia
2743 1231 3022 1286 correcta
3074 1225 3150 1288 sit
3181 1240 3202 1286 :
3249 1223 3428 1288 Talis

1857 1315 2038 1392 onim,
2085 1316 2319 1395 inquit,
2361 1317 2650 1396 subjectio
2677 1334 2798 1380 uon
2825 1317 2990 1380 cadit
3017 1317 3084 1382 in
3115 1315 3426 1381 Christum

1854 1409 2176 1472 secuudum
2210 1409 2530 1491 propriam
2553 1410 2990 1476 humanitatem
3001 1433 3029 1481 ,·
3057 1415 3120 1472 et
3150 1409 3298 1471 ideo
3341 1407 3421 1472 de

1854 1500 1976 1562 hac
1997 1501 2384 1581 subjectione
2409 1502 2704 1582 loquenS,
2722 1510 2894 1566 recte
2915 1502 3229 1568 concludit
3261 1521 3276 1564 :
3310 1501 3423 1566 Ea·

1852 1611 1969 1676 quo
1987 1595 2360 1678 intelliyitur
2385 1613 2542 1670 eum,
2561 1613 2884 1676 personam
2917 1603 3194 1662 nostram
3236 1612 3424 1659 usur·

1851 1691 2120 1766 paucam,
2151 1705 2224 1752 ac
2250 1705 2376 1751 seso
2403 1690 2471 1751 in
2497 1688 2765 1754 ordinem
2781 1695 3056 1754 nostrum
3083 1705 3424 1772 affe-easm-

1855 1786 1998 1854 tem,
2011 1783 2110 1846 his
2121 1782 2318 1846 verbis
2333 1800 2510 1848 usum
2527 1802 2674 1848 essa.
2689 1784 2838 1856 Quae
2858 1784 3164 1864 expositio
3185 1782 3422 1862 optima

1856 1881 1917 1938 et
1959 1875 2160 1936 facilis
2210 1881 2324 1938 est.
2371 1875 2562 1938 Addit
2607 1893 2757 1940 vero
2797 1877 3209 1956 Augustinus,
3253 1875 3420 1938 dicto

1854 1966 1964 2029 lib.
2001 1971 2032 2029 1
2071 1968 2151 2030 de
2197 1968 2453 2044 Trinit.,
2499 1987 2638 2048 cap.
2688 1971 2752 2043 8,
2799 1969 3152 2051 specialiter
3191 1969 3419 2032 dixisse

1856 2061 2250 2140 Apostolum,
2276 2062 2615 2142 ipsummet
2641 2063 2952 2126 Christum
2984 2070 3134 2126 tunc
3163 2080 3304 2126 esse
3329 2061 3422 2124 fu-

1856 2159 2070 2218 turum
2101 2153 2458 2233 subjectum
2483 2155 2672 2230 Patri,
2697 2174 2780 2218 ne
2807 2157 3142 2236 quisquam
3168 2159 3420 2238 putaret

1854 2248 2140 2312 habitum
2186 2251 2452 2326 Christi,
2507 2252 2618 2332 qui
2669 2270 2750 2316 ex
2795 2253 3076 2314 humana
3127 2257 3419 2314 creatura

1854 2349 2184 2424 susceptus
2211 2350 2330 2420 est,
2357 2363 2732 2411 conversum
2770 2347 2846 2410 iri
2871 2352 3095 2427 postea
3119 2346 3188 2410 in
3213 2344 3418 2428 ipsam

1851 2436 2278 2512 divinitatem3
2313 2456 2388 2501 ac
2413 2439 2466 2500 si
2495 2438 2831 2518 Apostolus
2877 2439 3136 2514 diceret,
3168 2439 3256 2502 ita
3279 2437 3416 2502 fore

1850 2529 2092 2594 Christo
2149 2531 2359 2594 omnia
2416 2531 2830 2611 subjicienda,
2887 2539 2958 2598 ut
3009 2538 3224 2596 tamen
3277 2532 3416 2612 ipse

1852 2641 2100 2704 semper
2144 2623 2388 2686 futurus
2433 2626 2512 2688 sit
2555 2626 2880 2706 subjectus
2930 2626 3026 2702 ei,
3067 2625 3172 2707 qui
3213 2624 3417 2690 onmia

1848 2717 2128 2796 subjwit,
2155 2735 2286 2780 non
2311 2717 2483 2797 quod
2507 2719 2719 2782 denuo
2749 2719 2834 2782 sit
2857 2720 2918 2782 ei
2945 2715 3412 2798 subjiciendus;

1848 2807 1964 2872 sed
2005 2809 2180 2889 quod
2203 2810 2268 2872 in
2295 2809 2688 2890 subJectione
2713 2857 2729 2886 ,
2761 2829 2954 2891 quam
2999 2829 3172 2874 nunc
3195 2808 3414 2885 hahet,

1848 2920 2100 2984 semper
2163 2910 2682 2984 perseveraturus
2741 2905 2841 2968 sit.
2899 2905 3186 2985 Denique
3243 2901 3417 2966 addit

1848 2995 2020 3058 idem
2057 2997 2470 3078 AugustinuS,
2499 2998 2609 3060 lib.
2641 2999 2720 3062 83
2755 2999 3015 3073 Quaest.,
3041 3003 3266 3078 quaest.
3297 2998 3411 3074 69,

1850 3095 1913 3152 et
1933 3089 2244 3170 significat
2267 3091 2564 3169 Hilarius,
2583 3092 2696 3155 lib.
2725 3095 2792 3154 11
2822 3091 2902 3154 de
2929 3092 3254 3167 Trinitate,
3276 3094 3416 3170 post

1846 3183 2148 3257 medium,
2171 3183 2346 3246 illam
2370 3183 2758 3248 locutionem
2783 3184 2958 3248 Pauli
2981 3183 3244 3263 intelligi
3271 3199 3415 3263 pos-

1846 3295 1915 3340 se
1940 3278 2126 3358 juxta
2151 3278 2441 3341 usitatam
2470 3280 2749 3358 phrasim
2791 3279 3152 3358 Scripturas,
3181 3278 3248 3340 in
3283 3294 3410 3356 qua

1844 3370 2240 3453 plerumque,
2272 3372 2443 3452 quod
2471 3390 2721 3453 semper
2749 3378 2880 3446 est,
2911 3378 3063 3434 tunc
3089 3370 3227 3434 fieri
3263 3369 3412 3432 dici·

1842 3472 1947 3530 tur
1990 3464 2072 3526 ab
2099 3465 2333 3544 alique,
2361 3483 2508 3526 cum
2554 3465 2622 3526 in
2669 3483 2748 3526 eo
2791 3465 3090 3546 cognosci
3121 3464 3405 3544 coeperit.

1840 3561 2018 3622 Tunc
2043 3577 2196 3639 ergo
2222 3559 2338 3622 erit
2366 3559 2649 3620 Christus
2677 3557 3000 3636 subiectus
3027 3557 3229 3631 Patri,
3259 3555 3409 3636 quia

1840 3658 1992 3714 tunc
2019 3652 2300 3732 perfecte
2328 3651 2624 3714 omnibus
2665 3653 3018 3714 innotescet
3043 3667 3236 3731 quam
3279 3647 3409 3710 exi·

1836 3745 1966 3808 mia
1991 3744 2180 3808 fuerit
2203 3745 2342 3824 ejus
2371 3742 2679 3824 subjectio
2709 3750 2773 3806 et
2800 3743 3158 3806 obedientia
3187 3741 3270 3803 ad
3294 3741 3410 3804 Pa-

1836 3843 2026 3914 trem,
2053 3857 2130 3901 ex
2159 3856 2288 3919 qua
2309 3837 2746 3901 immortalitas
2777 3843 2842 3901 et
2875 3838 3250 3900 Sanctorum
3278 3852 3408 3898 om·

1841 3933 2022 3995 nium
2071 3931 2395 3994 beatitudo
2443 3929 2746 3993 manavit.
2785 3931 2914 3995 Sed
2957 3929 3079 3991 hoc
3123 3929 3410 3992 testimo-

1840 4025 2022 4088 nium
2048 4024 2404 4088 accuratius
2429 4023 2842 4086 tractabimus
2885 4023 2955 4086 in
2982 4022 3276 4103 sequenti
3310 4027 3408 4086 to·

1840 4129 1971 4196 me,
1997 4117 2420 4198 disputatione
2449 4120 2553 4195 58,
2581 4124 2730 4180 sect.
2760 4120 2824 4180 4.

2350 4315 2777 4384 ARTICULUS
2818 4321 2892 4382 ΙΙ.

1951 4493 2179 4557 Ucrwm
2227 4492 2514 4557 Christus
2551 4493 2636 4557 sit
2674 4494 2972 4573 recbjwtm
3014 4495 3134 4558 sibi
3166 4494 3307 4575 ipsi.

1918 4682 1977 4741 1.
2003 4679 2112 4742 Ad
2135 4681 2456 4743 seeundum
2473 4681 2562 4744 sio
2572 4682 2946 4762 proceditur.
2970 4680 3229 4748 Videtur
3245 4683 3406 4760 quod

1842 4769 2128 4836 Christus
2153 4789 2272 4836 non
2297 4774 2383 4836 sit
2409 4773 2706 4852 rubjoetm
2728 4773 3014 4854 sibiipsi.
3047 4773 3222 4836 Dicit
3244 4773 3404 4836 enim

1842 4864 2150 4945 Cyrinus,
2186 4867 2256 4928 in
2291 4866 2548 4949 epistola
2587 4868 2882 4947 synodica
2907 4865 2955 4943 ²,
2988 4883 3193 4945 quam,
3223 4866 3403 4932 scibi-

1837 4963 1929 5022 0et
1953 5007 1967 5032 ‚
2002 4960 2268 5038 synodus
2326 4959 2650 5043 Ephesina
2705 4961 2932 5041 recepit
2953 4985 2976 5022 .·
3009 4959 3226 5040 Neque
3271 4962 3403 5043 ipse

1842 5051 2128 5116 Christus
2153 5054 2272 5116 sibi
2296 5073 2504 5118 servus
2541 5059 2650 5128 eat,
2685 5073 2792 5118 nec
2821 5055 3118 5128 dominus,
3153 5057 3402 5134 fatuum

1836 5145 1996 5208 maim
2029 5151 2140 5220 est,
2163 5145 2259 5212 vel
2276 5149 2489 5228 polim
2513 5147 2770 5228 impium
2796 5147 2906 5210 Ιιοσ
2927 5146 3153 5209 sentio-c
3172 5146 3269 5212 vel
3297 5149 3402 5210 di-

1836 5257 1983 5306 cere.
2009 5239 2106 5304 Et
2133 5241 2242 5308 Ιιοσ
2262 5243 2449 5305 etiam
2485 5242 2708 5306 asserit
2732 5241 3146 5306 Damaso-enus
3170 5241 3238 5302 in
3269 5245 3402 5306 teo·-

1920 5431 1939 5468 ¹
1975 5429 2047 5490 In
2072 5428 2307 5509 synod.
2347 5433 2376 5492 1
2423 5428 2653 5507 Ephes.
2684 5429 2874 5491 missa
2909 5427 2991 5490 ad
3019 5428 3300 5505 Neston,
3331 5426 3393 5490 in

1837 5521 2047 5584 medio
2074 5521 2264 5585 illius·
