3892 6167
1231 374 1554 443 nisrnrar.
1585 371 1763 429 xxxi.
1795 370 1965 427 sacr.
2002 372 2130 427 vui.

3161 370 3276 433 157

131 482 224 545 Vel
241 477 530 542 illarirtus
553 474 797 539 occulta
810 472 1050 537 nihitin
1065 472 1280 555 reipsa
1303 484 1398 539 est
1409 481 1634 556 praeter
1711 490 1862 535 vero
1891 471 2255 550 resurrexit,
2286 472 2512 540 dicitur
2540 471 3083 535 accommodatum
3111 475 3281 554 prin·

129 586 304 641 actum
329 573 432 653 qui
461 568 778 653 praeteriit,
811 568 920 649 qui
943 568 1186 630 ratione
1215 570 1312 630 sui
1337 569 1546 631 meriti
1571 573 1638 631 et

129 670 318 733 valoris
341 670 538 747 potest
572 662 696 725 dici
745 680 996 743 semper
1036 680 1292 727 manere
1325 664 1394 723 in
1415 680 1638 742 accep·

131 764 320 827 tatione
341 758 572 831 divina,
601 761 670 819 et
694 761 762 819 ut
811 756 904 817 sic
933 755 1168 819 habere
1213 757 1512 819 virtutem
1557 754 1640 817 ad

127 852 458 919 causandum
488 850 798 931 gratiam,
821 854 887 912 et
911 849 1034 911 hoc
1063 868 1258 913 sensu
1297 853 1470 915 recte
1507 849 1639 929 qni-

127 952 241 1013 dem
265 944 626 1021 intelligitur
653 942 966 1023 quomodo
991 949 1170 1005 actus
1187 942 1542 1024 praeteritns
1571 943 1638 1005 in

126 1058 314 1123 genere
337 1037 535 1099 meriti
557 1037 750 1117 possit
779 1036 1014 1099 habere
1058 1037 1364 1102 rationem
1401 1054 1634 1113 causae,

129 1143 446 1199 nontamen
479 1132 543 1195 in
583 1132 834 1195 ratione
887 1131 1126 1213 proprii
1175 1130 1466 1212 principii
1506 1131 1641 1193 effi-

132 1229 302 1291 cientis
327 1247 344 1301 ς
375 1226 522 1309 quia
569 1226 670 1303 (ut
712 1224 950 1288 dictum
981 1228 1101 1305 est)
1130 1225 1213 1288 ad
1237 1224 1637 1287 efficiendum

131 1322 342 1403 physice
353 1318 710 1399 requiritur,
721 1318 1048 1381 existentia
1069 1336 1184 1381 seu
1207 1319 1396 1381 realis
1410 1318 1638 1381 entitas

129 1416 213 1489 rei,
241 1420 296 1477 ct
317 1433 438 1477 non
465 1413 622 1477 satis
647 1419 743 1478 est
771 1431 910 1475 esse
951 1414 1016 1473 in
1063 1411 1492 1493 acceptatione
1537 1410 1639 1475 vel

133 1511 180 1571 in
219 1507 727 1588 apprehensione.
783 1506 961 1581 Quod
1013 1507 1288 1585 denique
1349 1506 1636 1583 additur,

129 1602 362 1663 sufficere
395 1606 466 1661 ut
491 1599 846 1681 principale
880 1618 1080 1681 agens
1107 1601 1354 1675 existat,
1383 1600 1639 1663 omnino

129 1696 308 1757 lalsum
335 1701 444 1769 est,
478 1693 632 1775 quia
678 1694 864 1757 etiam
907 1694 1394 1757 instrumentum
1445 1693 1524 1771 (si
1549 1699 1642 1755 ta·

128 1808 240 1849 men
264 1805 464 1849 verum
513 1792 577 1849 et
627 1787 966 1867 physicum
1005 1786 1488 1849 instrumentum
1525 1786 1640 1863 est)

133 1899 242 1941 vere
263 1886 316 1941 ct
327 1878 576 1941 realiter
601 1880 764 1959 agit,
783 1884 848 1943 et
871 1878 1226 1943 effectusab
1245 1879 1355 1941 illo
1379 1878 1637 1959 pendet,

127 1974 290 2035 media
300 1973 532 2035 actione
560 1972 748 2048 reali,
765 1979 830 2035 et
849 1972 994 2035 ideo
1019 1991 1155 2037 non
1173 1972 1376 2036 solum
1389 1973 1454 2034 in
1473 1972 1644 2052 prin·

133 2066 268 2147 cipali
291 2070 540 2147 agente,
559 2064 686 2127 sed
727 2066 917 2127 etiam
957 2066 1020 2126 in
1073 2066 1492 2129 instrumento
1541 2083 1642 2127 re·

139 2160 342 2235 quiritur
354 2157 600 2220 actuale
620 2176 765 2219 esse
791 2177 808 2231 ;
833 2162 896 2221 et
921 2159 1038 2221 hoc
1064 2158 1336 2238 probant
1363 2158 1641 2221 rationes

139 2252 270 2313 facta}
295 2252 352 2311 iu
381 2251 584 2331 primo
605 2258 849 2331 puncto
877 2248 1066 2331 hujus
1113 2250 1435 2327 sectionis,
1475 2251 1642 2313 scili·-

121 2352 226 2419 -cet,
255 2347 382 2425 quia
406 2344 594 2419 alias,
633 2344 830 2406 etiam
865 2363 992 2418 τρε,
1016 2362 1156 2427 quse
1193 2362 1400 2423 neque
1423 2342 1640 2421 habet,

135 2455 292 2517 neque
325 2456 604 2519 unquam
635 2436 858 2499 habuit
888 2456 1050 2513 esse,
1102 2456 1244 2500 esse
1279 2442 1492 2519 posset
1516 2436 1644 2499 ins-

141 2536 454 2593 trumentum
493 2530 862 2611 physicum,
893 2530 1040 2611 quia
1095 2530 1244 2603 satis
1275 2536 1440 2594 esset
1475 2529 1644 2611 qnod

141 2624 413 2703 principale
441 2643 650 2705 agens
695 2629 842 2689 actu
875 2626 1120 2699 existat,
1147 2629 1211 2685 ct
1248 2642 1646 2705 consequen·

145 2724 210 2777 ter
219 2725 392 2797 posset
403 2735 540 2781 esse
558 2718 1056 2781 instrumentum
1071 2717 1152 2779 ad
1167 2717 1642 2797 productionem

143 2810 226 2881 sui,
239 2818 332 2871 aut
347 2817 509 2875 certe
541 2810 632 2875 ad
665 2810 1238 2891 reproductionem,
1267 2810 1317 2872 si
1347 2828 1470 2887 res,
1502 2828 1642 2891 quae

142 2904 412 2983 aliquando
438 2904 580 2979 fuit,
617 2904 866 2969 essetin
895 2903 1159 2968 nihilum
1178 2903 1642 2983 redacta,qu0d

141 3014 232 3057 non
257 2999 441 3061 minus
465 2998 824 3063 absurdum
853 3003 968 3059 est.
1023 2997 1323 3069 Quocirca
1375 3016 1502 3059 non
1545 3003 1642 3063 est

142 3088 310 3153 eadem
331 3092 481 3155 ratio
509 3092 594 3155 de
613 3090 966 3173 praesentia
988 3090 1197 3165 locali,
1229 3096 1290 3153 et
1318 3090 1396 3153 de
1411 3091 1640 3155 actuali

139 3184 422 3257 existentia,
451 3186 605 3265 qnia
637 3184 968 3247 existentia
997 3184 1102 3247 vel
1129 3189 1225 3247 est
1252 3184 1388 3265 ipsa
1425 3190 1642 3247 actua·

137 3273 192 3335 lis
213 3284 263 3339 et
282 3278 446 3341 realis
473 3278 714 3341 entitas
735 3276 849 3353 rei,
879 3277 984 3339 vel
1007 3283 1180 3341 certe
1199 3276 1336 3341 sine
1367 3278 1472 3339 illa
1501 3296 1641 3341 esse

139 3387 234 3429 non
257 3379 462 3451 potcst;
493 3375 767 3437 effectus
794 3377 1004 3437 autem
1033 3372 1268 3451 pendet
1303 3372 1638 3437 intrinsece

141 3470 184 3525 et
203 3467 578 3531 essentialiter
609 3486 654 3531 a
687 3485 802 3529 sua
851 3484 1066 3541 causa,
1096 3472 1284 3547 prout
1309 3466 1502 3528 habet
1531 3486 1642 3529 en-

141 3554 328 3619 titatem
347 3562 581 3623 realem
615 3578 938 3641 perquam
971 3560 1138 3639 agit;
1171 3566 1234 3621 et
1261 3558 1428 3637 ideo,
1463 3560 1513 3621 si
1532 3561 1640 3623 tol·

143 3646 252 3709 litut
275 3653 608 3727 existentia,
629 3652 884 3715 omnino
915 3652 1150 3715 tollitur
1176 3652 1369 3715 virtus
1395 3671 1510 3715 seu
1541 3671 1642 3717 ra·-

151 3740 217 3800 tio
243 3746 462 3821 agendi3
493 3752 560 3809 at
591 3764 748 3809 vero
777 3744 1108 3827 praesentia
1151 3746 1368 3807 localis
1409 3753 1505 3809 est
1539 3765 1640 3813 ac·

159 3832 420 3903 cidentaria
447 3840 734 3903 conditio
754 3839 1284 3919 reisuperaddita,
1305 3858 1344 3901 a
1374 3858 1641 3921 quanon

153 3926 326 4001 pendet
357 3932 776 4003 essentialiter
810 3932 1006 3995 virtus
1037 3950 1152 3997 seu
1175 3932 1335 3997 ratio
1385 3935 1638 4017 agendi,

150 4023 192 4077 et
214 4018 322 4083 ideo
339 4042 457 4087 non
476 4032 578 4094 est
611 4024 830 4090 similis
849 4024 1032 4089 ratio.

206 4114 250 4173 8.
283 4116 354 4179 D.
378 4118 626 4185 rhomae
647 4121 967 4185 sententia.
991 4121 1250 4187 *More
1267 4127 1323 4187 et
1343 4138 1645 4188 resurrec-

149 4204 208 4265 tio
232 4204 432 4273 Christi
453 4213 740 4293 quomodo
762 4211 888 4277 sint
915 4214 1646 4297 imtrumentajustifioa·

150 4298 290 4363 tionis
317 4311 366 4367 et
397 4308 858 4372 resurrectionis
893 4314 1140 4373 nostra.
1169 4340 1254 4355 —
1279 4311 1408 4375 Nec
1433 4310 1644 4373 existi-

149 4407 222 4453 mo
243 4393 308 4455 D.
338 4396 638 4463 'rhomam
666 4399 942 4469 voluisse
983 4400 1216 4465 docere
1262 4402 1643 4467 contrarium

148 4482 334 4563 aliquid
369 4490 509 4560 huic
552 4492 900 4565 sententiae,
939 4500 1128 4575 prout
1171 4494 1477 4577 explicata
1509 4501 1642 4573 est,

148 4592 256 4639 cum
286 4584 442 4647 enim
484 4588 580 4649 ait
630 4587 935 4652 Christum
987 4606 1103 4667 per
1152 4590 1510 4667 passionem
1543 4588 1644 4651 vel

148 4679 610 4767 resurrectionem
652 4669 832 4743 suam
879 4681 1132 4746 efficere
1161 4681 1228 4745 in
1253 4683 1440 4745 nobis
1462 4683 1644 4763 justi·

149 4762 286 4840 fiam,
314 4772 405 4835 vel
429 4774 972 4849 resurrectionem,
1003 4782 1152 4851 etc„
1197 4796 1328 4838 non
1365 4777 1646 4857 loquitur

154 4859 220 4931 (ut
243 4864 523 4949 existimo)
555 4869 634 4931 de
669 4870 960 4951 passione
991 4876 1053 4933 et
1081 4872 1540 4935 resurrectione
1575 4875 1646 4933 ut

151 4948 237 5012 tuit
259 4958 488 5035 quidam
507 4968 734 5037 motuS,
767 4963 866 5025 vel
896 4964 1058 5025 actio
1089 4982 1228 5043 quae
1255 4965 1642 5044 pertransiit,

157 5047 238 5145 sed
256 5058 316 5113 ut
335 5054 528 5135 aliquo
555 5056 742 5121 modo
767 5056 1198 5138 intelliguntur
1225 5058 1357 5121 hinc
1382 5076 1644 5123 manere

157 5154 206 5197 111
225 5140 335 5221 ipsa
360 5147 760 5223 humanitate,
779 5150 842 5211 in
865 5168 992 5229 qua
1006 5152 1215 5230 passio
1245 5154 1644 5215 et'resurrec·

161 5230 220 5291 tio
241 5234 382 5299 tacta
402 5248 512 5303 est.
535 5242 606 5303 Et
635 5244 982 5307 secundum
1011 5244 1354 5325 quamdam
1393 5262 1644 5307 accom-

161 5327 516 5397 modationem
545 5335 923 5413 humanitas,
981 5345 1169 5417 prout
1215 5338 1494 5419 passioni
1541 5338 1642 5403 vel

163 5421 304 5483 morti
327 5426 584 5509 subjecta
613 5431 750 5507 fuit,
801 5429 1028 5496 dicitur
1072 5449 1214 5495 esse
1265 5432 1645 5495 instrumen-

163 5512 265 5573 tum
289 5516 359 5579 ad
377 5518 752 5589 liberandum
791 5542 970 5588 nosa
1023 5530 1224 5589 morte
1258 5524 1536 5606 peccati;
1573 5529 1642 5591 ut

1715 566 1949 645 cipium
1980 572 2203 629 nostrie
2239 567 2739 639 resurrectionis,
2768 572 2831 627 et
2872 566 2963 627 sic
2995 566 3073 629 de
3116 568 3275 631 aliis.

1715 658 1792 721 Et
1829 658 2001 723 hunc
2030 678 2287 723 sensnm
2326 660 2625 723 indicavit
2666 658 2819 721 satis
2864 660 2937 723 D.
2978 662 3277 739 Thomas,

1719 770 1782 831 q.
1815 754 1916 823 56,
1946 758 2065 815 art.
2094 756 2153 829 1,
2186 753 2271 817 ad
2296 756 2361 829 3,
2412 754 2523 817 uhi
2568 752 2719 817 dicit
2752 756 3279 831 resurrectionem

1719 845 1941 909 Christi
1976 864 2114 909 esse
2136 846 2511 910 efficientem
2540 866 2823 923 causam,
2872 846 2935 909 in
2971 855 3279 928 quantum

1718 938 2081 1005 hnmanitas
2108 940 2352 1013 Christi,
2391 941 2737 1003 secundum
2772 958 2965 1019 quam
3000 959 3281 1005 resurre-

1716 1033 1826 1106 xit,
1859 1038 1955 1095 est
1982 1033 2449 1113 quodammodo
2481 1035 2962 1097 instrumentum
2992 1035 3283 1099 divinita-

1717 1127 1822 1203 tis,
1851 1132 1914 1187 et
1941 1133 2241 1203 operatur
2270 1126 2335 1190 in
2374 1128 2603 1191 virtute
2648 1129 2813 1209 ejus,
2842 1133 2911 1191 ut
2938 1146 3152 1211 cupra,
3184 1129 3281 1191 in-

1719 1221 1879 1301 quit,
1923 1221 2149 1285 dictum
2188 1225 2303 1294 est,
2348 1221 2547 1283 citans
2588 1222 2799 1285 locum
2844 1222 3035 1302 hujus
3074 1240 3281 1302 quaes-

1719 1311 1904 1377 tionis
1931 1312 1999 1375 in
2021 1331 2146 1393 qua
2164 1332 2513 1387 versamur,
2540 1315 2645 1377 ubi
2668 1316 3095 1395 Cajetanusad
3113 1317 3283 1381 hunc

1720 1405 1978 1467 modum
2006 1404 2171 1468 hanc
2203 1408 2273 1468 D.
2304 1408 2559 1469 Thomae
2619 1409 2995 1471 sententiam
3039 1410 3283 1473 intelle-

1719 1499 1828 1561 xit.
1878 1501 1953 1561 Et
1992 1499 2287 1563 eumdem
2343 1518 2599 1565 sensum
2652 1500 2947 1565 indicavit
2990 1502 3159 1564 idem
3200 1506 3277 1567 D.

1719 1594 1971 1671 Thom.,
2001 1612 2066 1677 q.
2098 1596 2201 1672 50,
2246 1601 2366 1659 art.
2409 1598 2473 1670 9,
2518 1602 2581 1659 et
2608 1598 2895 1675 quamvis
2928 1597 3123 1677 Vega,
3178 1618 3281 1661 su·

1719 1704 1858 1769 pra,
1890 1688 2063 1749 hunc
2076 1688 2263 1751 etiam
2290 1688 2358 1751 D.
2390 1689 2647 1753 Thomas
2668 1709 2918 1755 sensum
2932 1691 3279 1772 impugnet,

1721 1799 1852 1842 non
1884 1786 2214 1845 esttamen
2245 1783 2414 1865 quod
2444 1784 2507 1845 in
2536 1785 2675 1863 ejus
2702 1784 3283 1865 impugnationibus

1723 1873 2155 1951 immoremur,
2188 1876 2337 1957 quia
2368 1878 2460 1956 (ut
2484 1876 2633 1956 dixi)
2662 1897 2791 1941 non
2820 1884 2947 1941 tam
2978 1878 3046 1939 in
3072 1878 3281 1960 rigore

1723 1968 2183 2051 metaphysica,
2226 1986 2415 2049 quam
2444 1970 2790 2033 secundum
2816 1970 3157 2051 quamdam
3186 1990 3285 2035 ac·

1723 2061 2295 2126 commodationem
2326 2070 2391 2125 et
2434 2064 2907 2144 proportionem
2928 2064 3283 2146 intelligen-

1722 2155 1842 2217 dus
1867 2162 1983 2219 est.

1804 2251 1864 2311 9.
1909 2250 2037 2313 Nec
2066 2268 2145 2313 ex
2169 2250 2325 2317 locis
2346 2252 2677 2332 Scripturas
2696 2269 2837 2331 quae
2866 2252 3285 2317 incontirma-

1720 2342 1963 2405 tionem
2018 2343 2237 2423 primae
2302 2346 2631 2409 sententiae
2684 2346 2994 2423 citantur,
3046 2347 3284 2427 aliquid

1724 2435 1895 2497 aliud
1917 2437 2129 2517 colligi
2150 2444 2355 2519 potest
2366 2455 2391 2518 ;
2405 2444 2499 2501 est
2510 2439 2676 2503 enim
2686 2440 3061 2505 resurrectio
3078 2441 3286 2503 Chris-

1723 2528 1768 2593 ti
1807 2548 1999 2593 causa
2030 2537 2259 2593 nostrae
2296 2531 2789 2605 resurrectionis,
2826 2540 2893 2595 et
2928 2533 2993 2597 in
3046 2552 3283 2613 genere

1723 2638 1928 2685 causae
1954 2623 2355 2703 exemplaris,
2368 2630 2432 2687 et
2442 2625 2687 2688 ratione
2706 2625 2801 2687 sui
2820 2626 3104 2704 termini,
3130 2628 3280 2707 quia

1723 2716 2005 2779 Christus
2035 2717 2467 2794 resuscitatus,
2496 2725 2591 2781 est
2620 2736 2815 2783 cansa
2840 2720 3119 2783 efficiens
3138 2740 3284 2785 nos·

1721 2814 1884 2871 tram
1913 2810 2461 2884 resurrectionem,
2485 2818 2546 2874 et
2567 2812 2717 2891 qnia
2742 2815 3115 2879 resurrectio
3138 2834 3282 2879 nos·

1721 2908 1820 2967 tra
1841 2904 1930 2965 ita
1957 2903 2193 2983 pendet
2220 2922 2258 2967 a
2282 2908 2749 2969 resurrectione
2792 2906 2977 2983 illius,
3008 2909 3203 2988 qnod,
3226 2909 3283 2973 si

1721 2996 1826 3059 ille
1849 3015 1980 3059 non
2028 3004 2413 3077 resurgeret,
2446 3018 2565 3063 nec
2612 3018 2733 3063 nos
2774 3018 3275 3081 resurgeremus.

1721 3088 1800 3151 Et
1827 3088 1997 3151 idem
2025 3100 2121 3153 est
2148 3090 2229 3153 de
2288 3093 2681 3169 ascensione,
2730 3098 2794 3156 et
2849 3094 3178 3171 similibus,
3211 3102 3283 3161 ut

1720 3181 1907 3243 latius
1939 3184 2007 3243 in
2036 3184 2471 3263 sequentihus,
2502 3193 2765 3269 agentes
2800 3185 2879 3249 de
2920 3188 3021 3251 his
3046 3196 3281 3270 myste-

1721 3275 1851 3346 riiS,
1883 3276 2365 3355 explicabimus.
2401 3278 2476 3340 Et
2516 3280 2685 3341 idem
2734 3284 2831 3345 est
2874 3299 3099 3345 sensns
3134 3284 3283 3345 Am·

1719 3368 1916 3431 brosii
1951 3370 2017 3429 in
2057 3369 2243 3431 citato
2288 3370 2427 3435 loco
2458 3390 2475 3445 ;
2509 3373 2907 3437 verissimum
2954 3376 3125 3439 enim
3182 3382 3281 3441 est

1721 3480 1942 3525 omnes
1985 3462 2209 3525 Christi
2242 3464 2525 3526 actiones
2560 3472 2625 3527 et
2652 3467 2979 3546 passiones
2998 3486 3137 3531 esse
3164 3487 3279 3531 no-

1720 3555 1817 3617 bis
1843 3554 2169 3631 salutares,
2210 3561 2272 3617 et
2304 3560 2559 3637 propter
2586 3568 2871 3621 nostrum
2899 3560 3137 3623 bonum
3164 3562 3281 3625 ali-

1722 3666 1848 3729 quo
1880 3648 2070 3711 modo
2092 3648 2291 3711 factas
2320 3667 2491 3725 esse3
2533 3670 2661 3713 non
2692 3658 2785 3715 est
2818 3658 3029 3717 tamen
3060 3672 3281 3717 neces-

1721 3743 1959 3806 sarium
2009 3761 2127 3805 nec
2157 3744 2489 3807 verisimile
2522 3744 2789 3823 (etiamsi
2826 3746 2891 3809 id
2930 3766 3059 3809 non
3088 3766 3281 3827 repu-

1723 3838 1968 3919 gnaret)
1996 3854 2219 3899 omnes
2248 3837 2389 3899 illas
2420 3856 2535 3917 per
2560 3856 2625 3901 se
2655 3856 2731 3901 ac
2766 3840 3019 3920 proprie
3048 3838 3279 3903 effecti·

1721 3948 1798 3993 ve
1823 3947 2197 3993 concurrere
2222 3930 2304 3993 ad
2331 3928 2805 4009 productionem
2834 3934 3037 3995 omnis
3061 3934 3277 4014 gratiae

1723 4040 1862 4103 quai
1892 4022 1957 4083 in
1984 4022 2167 4085 nohis
2198 4022 2305 4097 fit3
2338 4030 2503 4089 esset
2529 4026 2697 4088 enim
2744 4024 2865 4087 hoc
2890 4028 3279 4107 superfluum

1723 4123 1788 4179 et
1829 4116 2279 4197 impertinens,
2330 4124 2459 4179 tam
2510 4117 2591 4178 ad
2642 4116 3013 4199 dignitatem
3054 4120 3279 4183 Christi

1724 4228 1916 4291 quam
1943 4209 2027 4271 ad
2057 4215 2337 4271 nostram
2382 4210 2731 4273 utilitatem.
2778 4212 2957 4275 Unde
3006 4212 3083 4275 ad
3136 4213 3283 4277 ulti-

1723 4320 1892 4365 mam
1932 4300 2471 4365 confirmationem
2495 4304 2937 4384 respondetur,
2970 4306 3165 4385 quod,
3200 4307 3281 4369 si-

1725 4404 1832 4459 cut
1880 4397 2241 4467 hamanitas
2293 4398 2539 4473 Christi,
2582 4398 2821 4462 ratione
2864 4400 3136 4476 unionis,
3170 4401 3281 4463 ha-

1723 4490 1830 4554 bet
1859 4499 1928 4555 ut
1954 4492 2035 4555 sit
2078 4492 2561 4555 instrumentum
2604 4492 2943 4557 divinitatis
2988 4494 3071 4557 ad
3096 4494 3281 4557 mira·

1725 4584 1868 4647 cula
1891 4584 2201 4661 facienda,
2238 4584 2323 4647 ita
2364 4586 2645 4647 actiones
2686 4584 3092 4649 humanitatis
3132 4592 3283 4651 sunt

1723 4678 1914 4741 veluti
1941 4678 2147 4741 media
2170 4695 2287 4759 per
2334 4696 2475 4757 quae
2512 4678 2869 4741 humanitas
2898 4680 3061 4743 hanc
3094 4680 3283 4743 virtu·

1723 4778 1854 4835 tem
1883 4778 2131 4834 exercet
2158 4790 2174 4847 ς
2213 4779 2445 4849 tamen,
2474 4772 2622 4853 quia
2650 4790 2801 4835 usus
2834 4773 3022 4852 hujus
3074 4780 3283 4853 potes·

1724 4866 1872 4929 tatis
1891 4883 2009 4927 seu
2038 4865 2252 4946 gratiae
2274 4882 2403 4927 non
2432 4872 2525 4927 est
2558 4854 2979 4943 necessarius,
3018 4864 3133 4931 sed
3178 4884 3285 4929 vo-

1723 4961 2213 5041 luntarius,0non
2242 4946 2609 5039 oportet‘ut
2637 4978 2749 5040 per
2788 4977 3041 5023 omnem
3092 4961 3283 5023 actio·

1723 5072 1868 5116 nem
1891 5072 2021 5115 suae
2052 5052 2459 5115 humanitatis
2478 5054 2759 5117 Christus
2778 5048 2949 5117 λκιο
2988 5054 3283 5118 virtutem

1725 5153 2037 5223 exerceat,
2094 5145 2207 5207 sed
2254 5152 2439 5227 prout
2490 5146 2627 5227 ipse
2667 5146 2955 5209 voluerit.
3000 5148 3077 5223 Et
3120 5147 3284 5209 sicut
3352 5134 3370 5153 ‘

1722 5242 1828 5303 illa
1857 5240 2221 5301 humanitas
2247 5258 2379 5301 non
2404 5240 2627 5302 habuit
2668 5238 2831 5301 hanc
2860 5239 3131 5318 gratiam
3168 5256 3285 5299 an-

1721 5339 1981 5413 tequam
2009 5334 2325 5406 existeret,
2357 5351 2477 5394 nec
2498 5333 2798 5397 retineret
2828 5333 3021 5405 illam,
3058 5332 3109 5393 si
3140 5348 3283 5393 esse

1723 5429 2063 5503 desineret,
2094 5432 2159 5489 et
2184 5427 2499 5489 amitteret
2527 5424 2735 5491 simul.
2764 5442 2909 5489 cnm
2950 5424 3280 5487 existentia
3372 5438 3381 5447 ·

1721 5510 2035 5587 actualem
2064 5521 2360 5583 unionem
2398 5520 2481 5582 ad
2507 5518 2823 5593 Verbum;
2862 5518 2969 5592 itu,
3024 5517 3280 5597 quando
