3892 6167
1380 379 1702 435 msrunr.
1735 377 1958 436 xxxin.
1989 377 2162 434 8801.
2197 379 2260 434 n.

176 476 403 540 modis
425 478 629 542 verba
658 477 773 542 illa
800 499 839 542 a
860 481 1151 543 Patribus
1182 489 1611 562 aperiuntur:
1638 481 1773 562 pri·

174 588 315 646 mo,
346 579 429 634 ut
454 573 739 638 Christus
766 575 835 636 in
864 591 1137 655 persona
1163 593 1421 638 suorum
1458 576 1775 638 membro·

174 683 329 726 rum
388 666 653 729 loeutus
710 669 791 730 sit
824 687 841 741 ;
898 670 1217 748 usurpavit
1278 669 1449 732 enim
1502 670 1777 732 Christus

170 758 389 820 verba
420 761 597 824 Paul.
630 765 732 835 21,
764 763 874 841 qui
908 761 1147 842 incipit,
1182 763 1349 826 Dm
1370 765 1539 827 Dm
1580 778 1773 836 ms,

168 857 431 932 respice
454 857 529 916 in
550 871 667 928 me,
696 855 881 934 cujus
904 855 1095 917 verba
1118 873 1309 935 supra
1336 856 1503 918 circa
1536 861 1775 918 textum

111 919 116 992 ¹
170 946 247 1006 D.
282 945 567 1010 Thomas
604 949 670 1010 in
694 949 865 1011 hunc
890 949 1145 1012 modum
1179 969 1255 1012 ex
1276 949 1565 1012 Patribus
1586 966 1774 1028 expo-

109 1051 114 1122 ς
172 1037 559 1115 nebamus3
605 1048 666 1105 et
709 1043 879 1105 hunc
922 1061 1180 1105 sensnm
1216 1044 1411 1105 habet
1439 1045 1770 1118 Damaso„

107 1187 110 1194 .
171 1132 295 1194 lib.
326 1137 373 1195 3
400 1134 493 1196 de
512 1135 675 1215 Fid„
708 1155 848 1216 cap.
882 1137 961 1199 34
978 1159 997 1213 3
1022 1144 1083 1199 et
1104 1137 1230 1199 Leo
1260 1137 1453 1218 Papa,
1474 1155 1664 1200 serm.
1686 1139 1765 1200 16

105 1256 107 1286 ι
172 1227 261 1288 de
308 1229 671 1308 Passieno,
710 1233 875 1295 circa
914 1234 1131 1310 finem,
1158 1238 1224 1295 et
1248 1239 1381 1295 toto
1420 1248 1610 1295 serm.
1646 1235 1761 1306 143

103 1335 107 1380 ;
175 1323 499 1402 August„
534 1323 702 1387 dicta
742 1325 921 1408 epist.
970 1329 1109 1400 120,
1146 1342 1285 1407 cap.
1332 1329 1395 1388 6.
1442 1326 1764 1401 Secundo,

174 1423 365 1477 reete
412 1417 685 1500 intellig-i
732 1425 972 1500 potest,
1016 1419 1331 1483 Christum
1376 1419 1590 1500 quoad
1628 1419 1769 1482 haec

178 1510 389 1570 verba
416 1511 491 1571 in
518 1527 635 1573 sua
684 1514 938 1594 propria
970 1529 1243 1593 persona
1279 1529 1417 1574 esse
1454 1512 1769 1590 loeutum3

176 1605 407 1682 ipsum
468 1611 689 1667 autem
752 1606 1105 1686 derelinqui
1160 1625 1197 1668 a
1255 1607 1437 1669 Patre
1468 1653 1487 1683 ,
1530 1613 1603 1669 ut
1644 1607 1769 1668 Leo

178 1698 389 1758 etiam
418 1699 701 1779 exponit,
722 1702 875 1763 nihil
900 1701 1069 1762 aliud
1088 1706 1185 1762 est
1206 1718 1397 1780 quam
1422 1719 1552 1762 non
1578 1700 1769 1764 fuisse

182 1791 599 1866 exauditum,
627 1809 774 1855 curn
804 1794 873 1854 in
897 1794 1081 1855 horto
1110 1801 1398 1856 oraverat
1412 1809 1435 1871 ;
1460 1794 1561 1856 vel
1585 1794 1770 1856 dere-

180 1883 397 1962 linqui
442 1883 563 1946 suit
590 1887 820 1965 privari
858 1888 1027 1948 omni
1067 1886 1493 1950 consolatione
1520 1888 1589 1948 in
1614 1887 1770 1949 infe-

184 1975 345 2038 riori
396 1979 694 2056 portione
716 2027 731 2053 ,
764 1980 853 2041 ita
882 1986 951 2043 ut
980 1981 1139 2043 sicut
1180 1987 1475 2059 peccator
1500 1978 1770 2042 derelin-

188 2072 409 2150 quitur
439 2073 655 2151 quoad
680 2073 931 2154 culpam
950 2120 971 2151 ,
996 2074 1253 2154 quando
1282 2075 1565 2154 privatur
1594 2075 1771 2136 auxi·

188 2165 279 2226 lio
306 2165 395 2226 ad
420 2163 850 2230 resistendum
874 2167 1073 2248 culpae
1093 2213 1110 2243 ,
1141 2170 1229 2230 ita
1256 2168 1565 2230 Dominus
1588 2168 1773 2231 dere-

186 2259 379 2320 lictus
405 2259 655 2322 dicatur
694 2259 906 2340 quoad
932 2277 1181 2340 poenam
1203 2305 1226 2340 ,
1263 2261 1412 2340 quia
1440 2261 1771 2325 destitutus

186 2353 313 2414 fuit
356 2354 533 2414 omni
578 2371 701 2434 ope
746 2354 830 2418 ad
877 2353 1047 2416 illam
1100 2353 1485 2416 leniendam.
1518 2355 1611 2416 lta
1632 2355 1767 2420 fere

188 2445 394 2525 orig„
414 2445 639 2508 homil.
664 2449 741 2510 35
772 2447 837 2509 in
865 2447 1087 2522 math„
1116 2455 1179 2510 et
1206 2447 1395 2527 Cyril.
1434 2447 1763 2524 Alexand„

188 2539 301 2600 lib.
336 2543 365 2600 1
402 2539 483 2601 de
512 2540 647 2602 Fid.
681 2541 763 2602 ad
792 2541 1089 2621 Reginae,
1122 2542 1287 2603 cirea
1330 2541 1597 2622 princip.
1606 2585 1629 2618 ,
1656 2544 1767 2621 qui

188 2640 367 2695 reete
405 2633 676 2697 advertit
696 2681 713 2710 ,
759 2637 1027 2698 verbum
1066 2635 1247 2712 illud,
1295 2641 1367 2698 ut
1403 2638 1553 2718 quid
1572 2681 1588 2708 ,
1634 2655 1765 2698 non

192 2727 395 2788 fuisse
442 2727 789 2792 dubitantis
812 2776 828 2802 ,
873 2728 988 2791 sed
1016 2729 1323 2804 dolentis3
1354 2729 1518 2791 sicut
1564 2727 1757 2790 Exod.

192 2823 277 2883 32
320 2837 339 2882 ε
386 2821 593 2896 Quare
638 2822 951 2896 irasceris,
982 2823 1275 2885 Domino?
1325 2828 1389 2884 et
1432 2822 1594 2884 Psal.
1635 2825 1756 2884 42:

200 2913 408 2987 Quare
430 2933 523 2977 me
559 2916 893 2995 repulisti?
914 2915 1051 2990 Quo
1080 2931 1267 2978 sensu
1307 2915 1491 2978 facile
1520 2921 1763 2978 constat

192 3025 323 3068 non
351 3006 557 3068 fuisse
598 3007 795 3069 verba
834 3009 940 3070 illa
980 3009 1145 3070 dicta
1176 3027 1255 3070 ex
1286 3009 1495 3088 aliqua
1526 3007 1760 3070 inordi-

192 3107 343 3160 nata
370 3099 475 3161 vel
498 3100 907 3162 indeliberata
932 3101 1286 3177 affectione,
1308 3101 1409 3162 vel
1432 3101 1759 3180 impatien-

192 3193 311 3265 tia;
359 3195 479 3255 sed
526 3209 777 3255 summa
817 3195 1025 3273 potius
1064 3194 1372 3274 sapientia
1400 3200 1463 3255 et
1488 3195 1715 3256 virtute
1734 3239 1757 3271 ‚

188 3303 319 3363 qua
366 3286 651 3347 Christus
706 3287 989 3366 permisit
1051 3292 1295 3348 naturae
1358 3285 1635 3348 inferiori
1690 3293 1759 3348 ut

192 3397 383 3439 suum
404 3379 694 3442 dolorem
722 3380 1100 3454 ostenderet,
1122 3385 1259 3442 tum
1286 3379 1369 3440 ad
1390 3387 1631 3442 natum
1656 3397 1759 3442 ve-

186 3474 473 3550 ritatem,
520 3478 657 3534 tum
706 3473 899 3536 etiam
950 3471 1033 3534 ad
1072 3473 1309 3536 doloris
1352 3473 1759 3536 acerbitatem

186 3566 776 3628 demonstrandam.
826 3565 1017 3628 Addit
1068 3566 1263 3628 etiam
1306 3565 1543 3628 Tertul.
1570 3611 1587 3640 ,
1644 3565 1754 3628 lib.

192 3667 411 3721 eontra
438 3661 693 3734 Praxo„
718 3677 895 3721 num.
922 3663 1024 3734 21,
1054 3657 1163 3722 illa
1200 3658 1393 3720 verba
1423 3675 1561 3722 esse
1590 3658 1757 3722 dicta

198 3753 283 3812 ad
304 3753 767 3816 ostendendam
812 3753 1203 3816 divinitatem
1256 3753 1461 3834 ipsam
1481 3798 1499 3827 ,
1528 3753 1757 3814 immu-

201 3863 345 3907 nem
400 3865 481 3910 ae
534 3847 801 3909 liberam
846 3848 1015 3909 omni
1062 3865 1255 3926 poena
1308 3847 1753 3926 permansisse.

196 3941 423 4002 Omitto
454 3941 761 4002 Hilarium
802 3945 866 4002 et
912 3941 1201 4002 Ambros.
1232 3939 1553 4002 interdum
1596 3939 1758 4002 indi-

191 4053 359 4109 care,
392 4033 463 4095 in
494 4051 571 4096 eo
608 4039 933 4096 momento
962 4051 1191 4114 corpus
1216 4034 1441 4097 Christi
1488 4051 1629 4096 esse
1660 4053 1757 4098 se-

190 4133 483 4207 paratum
520 4147 563 4189 a
598 4127 951 4202 divinitate,
998 4134 1189 4207 atque
1220 4128 1307 4190 ita
1342 4127 1707 4190 derelictum
1731 4145 1753 4206 3

190 4221 317 4282 hoc
376 4223 547 4282 enim
608 4221 1070 4283 intolerabilem
1127 4222 1407 4283 continet
1450 4239 1750 4297 errorem,

190 4331 383 4394 quem
434 4315 599 4376 infra
640 4332 755 4376 suo
793 4315 933 4377 loco
981 4314 1475 4390 confutabimus‚
1510 4323 1573 4378 et
1612 4316 1753 4378 illos

192 4409 414 4470 Patres
442 4409 546 4488 pie
580 4425 993 4490 exponemus

270 4507 335 4564 5.
363 4501 605 4564 Deinde
627 4519 757 4563 non
782 4503 991 4563 minus
1016 4497 1205 4564 stulte
1228 4507 1291 4566 et
1310 4500 1506 4581 impie
1534 4505 1751 4564 errant

192 4595 257 4657 hi
274 4596 577 4670 haeretiei,
590 4595 907 4658 defectum
928 4593 1335 4674 aliquem‚vel
1352 4592 1757 4657 inordinatiu-

190 4707 343 4750 nem
386 4707 466 4751 ex
514 4691 795 4751 oratione
830 4689 899 4750 in
924 4688 1105 4749 horto
1142 4688 1309 4750 faeta
1348 4687 1751 4768 colligentes3

190 4799 364 4856 nam,
390 4789 467 4843 ut
487 4782 671 4856 infra,
710 4799 771 4861 q.
818 4785 921 4857 18,
950 4781 1265 4856 dicemus,
1305 4781 1395 4842 eis
1416 4781 1625 4842 verbis
1652 4799 1755 4843 so-

187 4878 322 4937 lum
378 4875 651 4938 ostendit
710 4874 991 4936 Christus
1036 4875 1391 4936 naturalem
1454 4874 1751 4936 affectum

188 4988 401 5048 suum,
434 4969 606 5048 quod
632 4985 749 5049 per
775 4985 845 5030 se
870 4968 1109 5030 malum
1137 4987 1269 5030 non
1298 4975 1416 5032 est.
1444 4969 1573 5030 Nec
1600 4987 1750 5031 vero

188 5065 383 5126 verba
404 5063 541 5144 ipsa
560 5061 801 5143 aliquid
822 5063 1248 5124 inordinatum
1268 5081 1397 5142 prae
1420 5079 1489 5124 se
1516 5062 1751 5139 ferunt,

192 5175 335 5219 cum
364 5159 527 5219 nihil
570 5157 745 5218 aliud
784 5157 1147 5220 contineant
1188 5173 1381 5236 quam
1418 5155 1755 5235 subjectio-

190 5271 339 5316 nem
368 5257 432 5316 et
458 5251 961 5314 conformitatem
988 5251 1071 5313 ad
1102 5251 1296 5313 Patris
1322 5250 1745 5326 voluntatem3

190 5349 311 5410 hoc
338 5349 512 5410 enim
543 5345 858 5426 significat
880 5345 1148 5408 verbum.
1170 5344 1351 5416 illud,
1378 5347 1439 5408 n*
1465 5345 1748 5429 possibile

190 5442 553 5518 m‚scilicet
580 5439 928 5501 secundnm
956 5439 1239 5502 divinum
1256 5439 1746 5519 beneplacitum,

186 5535 355 5615 quod
386 5533 564 5596 alius
604 5533 1001 5612 Evangelista
1044 5532 1202 5596 dixit
1232 5549 1250 5596 ι
1286 5535 1512 5610 Pater,
1540 5534 1600 5598 si
1622 5535 1745 5612 via,

1858 482 2138 557 transfor
2163 479 2400 546 calicem
2442 483 2600 548 hunc
2635 499 2676 546 a
2701 499 2794 548 ute
2817 528 2834 559 ,
2871 491 2994 552 etc.
3032 489 3424 575 Quapropter

1856 577 2028 636 recte
2078 574 2234 636 dixit
2272 576 2308 638 J
2313 575 2556 638 ustinus
2602 577 2840 658 Martyr
2861 623 2878 651 ,
2921 579 3154 664 dialog.
3203 595 3420 652 contra

1854 665 2276 748 ‘lh-iphonenb
2321 669 2388 731 in
2435 670 2542 732 illa
2583 669 2872 732 oratione
2907 672 3234 753 impletam
3280 697 3419 743 esse

1855 761 2252 841 prophetiam
2295 763 2517 826 David.
2539 809 2558 838 ,
2600 765 2763 826 Psal.
2807 767 2882 827 21
2933 781 2953 826 2
2992 766 3278 835 clamabo
3307 791 3420 853 por

1854 853 2032 926 diem,
2067 859 2129 916 et
2149 871 2272 918 m
2297 857 2578 922 medice
2591 883 2614 931 ,·
2641 863 2700 921 et
2723 862 2912 932 nocte,
2939 865 2994 922 ot
3013 879 3136 925 m
3162 865 3246 927 ad
3265 865 3418 930 inei-

1846 947 2148 1027 pientiam
2193 948 2380 1022 mih&-
2421 967 2610 1026 nam,
2657 950 2804 1014 licet
2845 951 3122 1016 Christus
3149 956 3238 1018 ita
3265 965 3416 1021 tunc

1854 1040 2164 1115 oraverit,
2197 1047 2268 1104 ut
2310 1042 2644 1106 exauditus
2671 1061 2802 1105 non
2841 1043 3066 1122 fuerit,
3107 1050 3256 1128 quia
3287 1069 3416 1115 non

1847 1133 2184 1195 efficaciter
2225 1135 2474 1198 volebat
2515 1136 2684 1215 quod
2719 1137 2970 1212 orabat,
2999 1141 3405 1208 nihilominus

1846 1243 1978 1288 non
2005 1226 2084 1288 ad
2111 1227 2534 1308 insipientiam
2554 1229 2642 1290 illi
2671 1229 2980 1309 imputata
3007 1240 3104 1296 est
3125 1235 3235 1298 illa
3263 1255 3401 1300 ora·

1846 1319 1962 1395 uo,
1985 1337 2128 1399 qum
2156 1338 2236 1382 ex
2267 1339 2516 1383 summa
2545 1324 2754 1402 potius
2797 1325 3102 1403 sapientia
3118 1371 3140 1404 ,
3171 1337 3234 1392 et
3260 1347 3400 1412 per-

1847 1413 2016 1476 fecta
2056 1415 2300 1478 ratione
2331 1416 2610 1496 profecta
2653 1423 2770 1480 est.
2799 1419 2898 1480 Ad
2922 1421 3090 1499 quod
3127 1427 3414 1505 proposi·

1850 1511 1988 1569 tum
2035 1508 2266 1588 optime
2315 1509 2582 1589 explicat
2621 1509 2894 1590 figuram
2931 1512 3012 1574 de
3055 1515 3282 1596 Jephte
3305 1561 3321 1593 ‚
3349 1526 3416 1582 et

1846 1600 1980 1662 filia
2001 1602 2244 1682 virgine
2271 1603 2354 1664 ab
2375 1603 2480 1666 illo
2501 1604 2842 1678 immolata,
2873 1607 3162 1688 Prosper,
3191 1611 3302 1674 lib.
3331 1611 3412 1675 de

1852 1695 2376 1758 Promissionibus
2393 1703 2456 1758 et
2472 1697 2978 1778 proedictionibus
2997 1701 3134 1780 Dei,
3160 1709 3324 1785 part.
3343 1707 3410 1783 2,

1850 1805 1990 1868 cap.
2019 1791 2120 1852 20.

1928 1881 1990 1942 6.
2036 1881 2134 1944 Ad
2203 1883 2394 1944 aliam
2455 1884 2734 1966 deniqne
2787 1886 3172 1952 locutionem
3241 1891 3410 1954 illins

1848 1976 2142 2057 Episcopi
2183 1979 2521 2052 Nazareni,
2566 1997 2930 2061 quanquam
2975 2001 3046 2045 re
3093 1985 3232 2063 ipsa
3263 2003 3409 2048 con-

1852 2069 2042 2131 traria
2069 2087 2197 2131 non
2225 2071 2306 2134 sit
2331 2072 2580 2134 veritati
2611 2091 2651 2133 a
2678 2074 2864 2136 nobis
2905 2076 3122 2154 positae
3143 2121 3164 2152 ,
3195 2083 3408 2142 tamen

1852 2163 2224 2226 scandalosa
2267 2171 2386 2242 est,
2433 2173 2498 2228 et
2523 2167 2750 2230 merito
2794 2168 3094 2232 damnata
3129 2170 3196 2232 in
3241 2171 3407 2235 dicto

1845 2258 2084 2319 Concil.
2102 2259 2466 2334 Basiliensi3
2509 2277 2652 2320 cum
2683 2261 2858 2322 enim
2883 2261 3168 2326 membra
3183 2263 3408 2328 Christi

1850 2367 1982 2412 non
2007 2358 2272 2432 peccent
2317 2358 2390 2414 ut
2433 2352 2722 2414 membra
2772 2353 2912 2434 ejus
2933 2402 2948 2426 ‚
2997 2371 3206 2433 neque
3227 2357 3408 2437 juxta

1844 2444 2183 2506 eonsilium
2209 2447 2372 2526 ejus,
2397 2445 2513 2508 sed
2539 2447 2748 2526 potius
2777 2447 2862 2508 ab
2889 2447 2994 2510 illo
3023 2449 3402 2528 recedendo,

1844 2555 1976 2598 non
2007 2544 2214 2618 potest
2235 2537 2516 2602 Christus
2535 2540 2656 2602 dici
2675 2557 2942 2620 peccare
2963 2543 3114 2619 quia
3137 2542 3242 2604 illa
3263 2560 3406 2624 pec-

1846 2637 2016 2694 cant.
2046 2633 2120 2692 Et
2146 2632 2431 2712 quamvis
2457 2649 2574 2711 per
2595 2633 2940 2711 quamdam
2965 2635 3404 2716 metaphoram

1844 2723 2136 2786 dicantur
2177 2732 2442 2805 peccata
2485 2727 2922 2788 membrorum
2965 2745 3106 2790 esse
3151 2729 3401 2806 Christi,

1840 2817 2056 2896 quoad
2101 2817 2548 2898 obligationem
2601 2819 3027 2882 satisfaciendi
3071 2838 3188 2901 pro
3233 2823 3356 2885 illis
3381 2865 3401 2900 ,

1838 2927 1972 2973 non
2005 2918 2224 2974 tamen
2256 2913 2466 2993 quoad
2491 2914 3004 2978 commissionem
3027 2934 3144 2980 seu
3171 2935 3405 2998 perpe-

1838 3005 2178 3068 trationem
2219 3022 2463 3083 eorum,
2495 3011 2560 3069 et
2585 3007 2730 3070 ideo
2759 3007 2932 3070 nullo
2959 3009 3150 3070 modo
3195 3015 3404 3090 potest

1840 3098 1962 3160 dici
1997 3099 2276 3162 Christus
2314 3100 2384 3160 in
2427 3100 2730 3162 membris
2773 3102 2908 3164 suis
2952 3119 3214 3182 peccare
3234 3147 3251 3179 ,
3289 3101 3402 3165 sed

1836 3191 2048 3272 potius
2073 3192 2389 3272 expellere
2416 3198 2480 3255 et
2505 3193 2762 3256 abolere
2787 3202 3070 3276 peccata.

2451 3377 2668 3432 sacrm
2701 3380 2764 3432 u.

1844 3503 2035 3562 Utrum
2061 3505 2130 3562 de
2153 3503 2404 3563 absol-uta
2424 3509 2675 3582 potentia
2702 3507 2806 3566 Dei
2833 3513 3022 3580 posset
3046 3524 3164 3566 esse
3187 3523 3398 3580 pecca-

1911 3595 2028 3646 tum
2071 3591 2132 3648 in
2174 3589 2422 3665 Christo,
2469 3609 2568 3652 sen
2602 3595 2667 3652 in
2715 3595 2955 3652 humana
2997 3602 3196 3653 natura
3231 3593 3398 3653 Verbo

1908 3675 2087 3732 urata.

1918 3845 1982 3906 1.
2025 3841 2233 3920 Arius,
2261 3861 2408 3906 cum
2431 3845 2734 3908 erraverit
2757 3843 3098 3910 asserendo
3119 3845 3398 3910 Verbum

1836 3935 1952 3998 Dei
1975 3953 2116 3998 esse
2145 3944 2526 4012 creaturam,
2555 3943 3018 4017 consequenter
3044 3955 3260 4002 errare
3285 3957 3398 4020 po—

1837 4029 1956 4092 tuit
1971 4029 2260 4093 faciendo
2271 4031 2582 4094 Christum
2602 4049 2902 4112 capacem
2925 4033 3190 4111 peccati,
3209 4033 3398 4096 etiam

1836 4129 1907 4186 ut
1953 4129 2048 4186 est
2087 4124 2364 4186 Verbum
2407 4125 2608 4188 Patris
2628 4171 2649 4202 ‚
2693 4133 2764 4188 ut
2805 4124 2998 4188 refert
3031 4125 3396 4204 Nicephor.‚

1832 4215 1941 4278 lib.
1975 4218 2018 4278 4
2052 4217 2208 4278 Hist.
2232 4265 2252 4289 ,
2283 4235 2425 4298 cap.
2467 4222 2529 4281 5.
2569 4220 2694 4282 Nes
2719 4225 2940 4281 autem
2984 4217 3397 4300 supponimus

1834 4325 1976 4372 esse
2017 4327 2240 4372 verum
2281 4311 2484 4373 Deum
2507 4358 2524 4387 ,
2563 4313 2632 4374 in
2669 4329 2862 4392 quem
2895 4319 3226 4393 peccatum
3267 4327 3396 4372 nou

1835 4403 2025 4480 cadit,
2057 4410 2124 4466 et
2145 4405 2287 4468 ideo
2309 4424 2440 4468 non
2467 4405 2830 4470 dubitamus
2853 4407 2932 4469 de
2957 4407 3282 4468 voluntate
3305 4405 3398 4470 di-

1832 4497 1981 4560 vina
2013 4499 2272 4574 Christi,
2323 4501 2438 4562 sed
2483 4501 2565 4564 de
2613 4502 2914 4563 humana.
2959 4499 3162 4573 Quam
3207 4499 3396 4563 etiam

1836 4592 2254 4672 supponimus
2275 4595 2630 4657 secundum
2651 4613 2722 4658 se
2751 4613 2894 4658 esse
2927 4612 3224 4676 capacem
3253 4611 3397 4673 pec-

1836 4688 1984 4760 cati,
2011 4687 2065 4748 si
2095 4687 2302 4755 Verbo
2323 4707 2456 4751 non
2483 4697 2652 4752 esset
2678 4690 2875 4766 unita,
2901 4689 3002 4752 vel
3026 4695 3194 4752 certe
3229 4689 3284 4750 si
3313 4687 3395 4750 ab

1832 4780 1941 4842 illo
1969 4781 2409 4860 dimitteretur,
2437 4790 2500 4846 et
2526 4785 2712 4848 donis
2737 4785 2956 4865 gratioe
2975 4791 3038 4846 et
3064 4781 3394 4846 beatitudi-

1830 4873 1931 4935 nis
1964 4876 2334 4954 privaretur.
2379 4879 2492 4940 Est
2532 4895 2686 4958 ergo
2717 4877 2982 4956 quaestio
3025 4876 3105 4938 de
3141 4876 3248 4938 illa
3287 4891 3396 4938 vo-

1831 4968 2072 5030 luntate
2089 4970 2264 5033 nnita
2278 4971 2512 5049 Verbo,
2527 4990 2638 5048 an,
2656 4975 3102 5052 perseverante
3129 4968 3389 5043 unione,

1830 5079 1911 5125 ex
1939 5063 2000 5125 vi
2028 5063 2196 5125 illins
2227 5063 2656 5145 impeccabilis
2681 5067 2784 5128 sit.

1910 5159 1974 5218 2.
2017 5157 2090 5218 In
2145 5175 2274 5237 qua
2325 5164 2420 5222 est
2465 5159 2890 5240 quorumdam
2931 5157 3394 5238 'theologorum

1832 5252 2168 5326 sententia,
2199 5270 2332 5315 non
2365 5271 2726 5335 repugnare
2757 5255 2960 5318 Deum
2986 5269 3248 5333 peccare
3277 5265 3396 5329 per

1830 5353 2221 5427 assumptam
2249 5351 2565 5424 naturam,
2589 5351 2772 5430 cnjus
2799 5349 3154 5430 praecipuus
3173 5349 3394 5406 auctor

1830 5446 1929 5502 est
1950 5441 2345 5517 Dumd.‚·in
2373 5445 2436 5517 3,
2461 5443 2526 5505 d.
2548 5446 2654 5518 12,
2681 5461 2745 5524 q.
2769 5445 2833 5506 2.
2856 5437 3390 5504 'laihaim-etiam

1828 5535 2014 5600 flecto
2038 5535 2310 5612 ibidem,
2343 5544 2408 5600 et
2447 5538 2509 5599 d.
2553 5539 2632 5614 2,
2663 5555 2728 5616 q.
2782 5539 2854 5615 1,
2901 5541 3216 5620 quatenns
3238 5531 3390 5594 ffioit
