3892 6167
1409 361 1646 427 QUAEST.
1679 361 1850 416 xxvi.
1883 359 2082 414 An'rtc.
2118 359 2155 413 l.

157 469 370 529 treme
403 465 714 532 distantes
739 459 1138 526 substantias.
1161 461 1238 524 Et
1255 461 1374 526 hoc
1397 463 1588 526 modo
1611 464 1734 528 dici

153 565 380 637 potest
417 559 704 626 Christus
740 554 1166 620 substantialis
1193 557 1500 620 mediator
1526 557 1638 620 Dei
1671 563 1734 621 et

155 651 528 731 hominum,
553 654 702 734 qnia
729 654 794 714 in
815 668 891 713 eo
917 649 1198 712 humana
1225 658 1289 713 et
1315 651 1528 714 divina
1557 657 1734 714 natu·

155 763 232 806 ra
261 747 768 810 substantialiter
795 743 1144 823 conjunctae
1172 751 1340 820 sunt,
1363 751 1435 807 ut
1459 744 1736 826 loquitur

157 837 682 920 chrysostomus,
707 839 880 900 hom.
907 841 944 901 7
975 836 1046 897 in
1076 840 1107 899 1
1135 853 1237 918 ep.
1274 836 1356 900 ad
1389 839 1642 913 Timot.;
1671 842 1736 902 et

157 933 388 1009 Amh„
413 936 482 996 in
515 933 806 997 eamdem
835 929 1042 1013 epist„
1081 949 1138 994 c.
1177 935 1242 1006 2,
1270 949 1594 1012 exponens
1629 933 1735 997 illu

157 1027 404 1090 verba:
447 1027 618 1093 Unus
640 1029 822 1097 Dm,
843 1041 1006 1089 unns
1019 1023 1316 1088 mediam·
1337 1026 1452 1090 Des·
1473 1033 1529 1091 et
1551 1027 1738 1091 lamni-

149 1135 338 1195 παυς,
359 1123 538 1185 homo
565 1120 844 1185 Chr-inus
855 1119 910 1183 J
911 1135 1068 1184 em.
1093 1119 1168 1180 Et
1185 1119 1268 1181 ad
1293 1119 1588 1183 eumdem
1607 1137 1740 1182 mo·

153 1211 320 1274 dum
349 1217 762 1295 AugustinuS,
795 1213 838 1274 l.
869 1215 910 1274 9
939 1211 1020 1274 de
1045 1211 1253 1291 civit„
1282 1232 1422 1294 cap.
1449 1216 1548 1282 15.
1587 1213 1740 1278 dicit

153 1304 486 1368 Christum
519 1306 714 1369 fuisse
747 1305 1050 1378 medium,
1087 1324 1214 1368 non
1253 1307 1460 1370 solum
1489 1306 1736 1370 ratione

157 1398 560 1475 substantie,
587 1401 740 1482 quia
755 1399 872 1462 fuit
891 1401 1060 1462 Deus
1081 1409 1146 1465 et
1167 1401 1389 1474 homo;
1413 1400 1528 1464 sed
1547 1403 1734 1464 etiam

159 1493 420 1556 ratione
449 1500 648 1556 status
671 1540 688 1567 ‚
717 1493 870 1574 quia
893 1493 1078 1555 simul
1107 1493 1332 1558 beatus
1349 1496 1424 1558 'et
1457 1495 1736 1558 mortalis

157 1584 518 1650 fuit..Unde
540 1587 776 1650 ibidem
803 1586 1036 1661 subdit,
1060 1587 1259 1650 bonos
1293 1589 1572 1670 Angelos
1607 1607 1734 1652 non

157 1697 310 1741 esse
335 1681 588 1744 medios
623 1682 787 1744 inter
816 1700 932 1744 nos
961 1689 1026 1744 et
1053 1682 1274 1756 Deum,
1301 1683 1451 1762 quia
1479 1683 1736 1745 immor-

157 1772 330 1835 tales
385 1782 535 1838 sunt
584 1781 648 1838 et
699 1775 868 1837 beati
897 1797 914 1852 3
949 1775 1220 1856 Angelos
1253 1783 1491 1840 ,autem
1534 1775 1734 1839 malos

155 1867 640 1948 quodammodo
665 1887 807 1932 esse
837 1868 1082 1932 medios
1099 1914 1119 1946 ,
1157 1870 1308 1950 quia
1349 1870 1733 1933 immortales

155 1969 338 2039 sunt,
369 1963 439 2025 in
472 1983 598 2044 quo
625 1981 772 2026 cum
796 1965 926 2028 Deo
956 1965 1361 2041 conveniunt,
1397 1969 1462 2026 et
1492 1966 1730 2042 miseri,

159 2073 238 2116 ac
289 2057 547 2136 penitus
587 2059 872 2138 subjecti,
907 2059 971 2120 in
1003 2077 1128 2140 quo
1159 2058 1490 2120 nobiscum
1519 2059 1732 2139 aliquo

159 2149 362 2211 modo
403 2152 892 2214 communicant.
930 2152 1302 2229 Quanquam
1335 2151 1458 2214 alia
1493 2153 1736 2215 ratione

161 2243 634 2309 considerando
671 2252 736 2308 et
762 2245 1122 2327 ampliando
1153 2244 1318 2308 hanc
1347 2245 1732 2322 mediatoris,

163 2353 286 2398 seu
335 2339 550 2417 potius
603 2338 840 2414 medii,
887 2337 1408 2420 significationem
1433 2383 1450 2411 ,
1510 2338 1732 2419 Angeli

165 2431 342 2493 beati
369 2433 560 2494 etiam
590 2431 712 2494 dici
739 2432 984 2513 possint
1008 2431 1389 2494 mediatores
1410 2431 1576 2494 inter
1615 2449 1736 2494 nos

167 2531 232 2586 et
259 2527 491 2599 Deum,
519 2527 666 2607 quia
692 2533 919 2589 natura
955 2526 1286 2588 inferiores
1309 2532 1457 2588 sunt
1489 2544 1589 2602 e0,
1621 2543 1738 2588 no-

167 2619 262 2682 bis
289 2625 510 2682 antem
535 2619 919 2699 superiores,
945 2627 1008 2682 et
1031 2635 1178 2682 cum
1201 2619 1308 2681 illo
1333 2635 1734 2682 communem

167 2713 408 2777 habent
457 2719 748 2776 naturam
801 2714 1054 2794 spiritus
1109 2719 1173 2776 et
1224 2713 1727 2794 incorruptionis3

169 2805 502 2870 nobiscum
529 2825 680 2870 vero
703 2809 1018 2870 rationem
1067 2813 1372 2869 ereaturae
1395 2807 1734 2887 indigentis

169 2901 386 2962 divina
431 2901 635 2981 gratia
669 2907 735 2964 et
763 2900 1006 2964 influxu
1030 2946 1049 2975 ,
1091 2905 1160 2962 ut
1186 2901 1288 2962 liic
1321 2902 1394 2962 D.
1423 2901 1731 2977 Thomas,

173 2993 254 3055 ad
276 2998 346 3072 2,
377 2995 616 3073 docuit,
641 3012 968 3078 exponens
985 2995 1273 3078 Dionys„
1289 2999 1330 3057 4
1346 3012 1401 3058 c.
1424 2992 1504 3058 de
1527 2993 1728 3058 Divin.

173 3105 423 3152 nomm.

263 3183 328 3242 3.
352 3182 582 3246 Omissa
596 3201 748 3246 vero
776 3184 897 3246 hac
920 3182 1310 3245 substantiali
1329 3183 1730 3260 mediatione,

177 3289 326 3352 quae
355 3275 689 3358 impropria
719 3283 838 3352 est,
875 3293 1106 3338 munus
1131 3276 1494 3338 mediatoris
1522 3276 1602 3355 (si
1630 3295 1735 3358 ge·

173 3369 446 3432 neratim
493 3371 862 3452 loquamur)
890 3370 1189 3434 latissime
1236 3374 1444 3452 patet;
1479 3371 1734 3452 proprie

171 3465 388 3524 tamen
429 3465 520 3528 sic
547 3465 857 3546 significat
885 3483 1056 3542 eum,
1082 3465 1189 3546 qui
1221 3465 1388 3528 inter
1431 3481 1736 3545 personas

170 3555 554 3622 dissidentes
596 3559 946 3633 intercedit,
973 3566 1043 3621 ut
1089 3577 1198 3622 eas
1239 3558 1405 3622 inter
1431 3578 1498 3622 se
1524 3560 1738 3624 conci·

168 3649 298 3712 liet.
343 3651 526 3724 Quod
551 3653 740 3716 variis
767 3653 972 3715 modis
1003 3653 1140 3716 fieri
1174 3658 1424 3734 potest,
1473 3653 1731 3730 scilicet,

167 3745 481 3824 rogando,
509 3746 984 3822 intercedendo,
1005 3746 1396 3810 conditiones
1420 3767 1534 3810 seu
1561 3747 1734 3828 leges

169 3837 462 3901 amicitiai
495 3840 932 3922 proponendo,
956 3859 1032 3904 ac
1053 3839 1327 3920 denique
1354 3839 1734 3904 satisfacien-

168 3930 252 3992 do
283 3933 452 4012 parti
499 3933 684 4008 laesae,
724 3941 788 3998 et
829 3933 1033 4014 ipsam
1069 3933 1641 3998 reconciliationem
1671 3942 1734 3998 et

167 4025 516 4090 amicitiam
543 4027 950 4110 perficiendo.

245 4121 313 4181 4.
339 4121 434 4182 Ex
453 4122 686 4203 quihus
705 4122 1068 4204 intelligitur
1087 4123 1315 4204 primo,
1337 4122 1539 4186 solum
1564 4121 1736 4187 Chri·

169 4219 342 4276 stum
365 4231 510 4278 esse
529 4215 882 4297 perfectum
906 4215 1321 4279 mediatorem
1343 4217 1507 4279 inter
1534 4217 1733 4280 Deum

169 4314 233 4369 et
259 4308 574 4374 homines.
605 4309 1001 4372 Dissidebant
1024 4310 1192 4374 enim
1216 4310 1384 4373 inter
1408 4327 1499 4386 se,
1523 4317 1587 4374 et
1603 4317 1730 4374 tota

167 4408 402 4466 natura
415 4402 695 4466 humana
717 4409 852 4467 erat
878 4406 1010 4468 Deo
1029 4405 1224 4466 invisa
1246 4411 1310 4467 et
1325 4403 1580 4468 inimica
1599 4424 1616 4479 ς
1642 4403 1734 4484 ip-

168 4513 238 4558 se
251 4513 410 4560 vero
421 4513 540 4579 pro
555 4496 660 4558 illa
676 4499 804 4560 Deo
819 4495 1138 4573 satisfecit,
1157 4503 1220 4560 et
1235 4505 1543 4577 quantum
1559 4497 1626 4559 in
1643 4499 1735 4578 ipa

164 4607 234 4652 so
255 4597 384 4666 est,
401 4589 714 4652 inimicias
736 4590 1014 4666 abstulit,
1037 4591 1502 4669 amicitiamque
1529 4590 1737 4671 perte-

164 4685 286 4756 cit;
313 4687 382 4745 et
403 4682 508 4746 hic
534 4690 632 4746 est
651 4701 878 4746 sensus
897 4683 1094 4758 Pauli,
1119 4687 1149 4746 1
1172 4684 1331 4747 Tim.
1354 4689 1417 4757 2,
1444 4683 1729 4759 dicentis,

163 4777 482 4842 Christum
496 4797 636 4842 esse
649 4780 902 4841 unicum
914 4777 1324 4841 mediatorem
1334 4778 1448 4842 Dei
1459 4786 1522 4841 et
1535 4778 1735 4840 homi·

163 4888 344 4947 num,
369 4879 442 4936 ut
463 4880 632 4936 recte
652 4871 1012 4935 D.Thomas
1033 4871 1137 4934 hic
1163 4873 1447 4951 exponit3
1475 4877 1538 4934 et
1564 4871 1732 4934 idem

165 4966 508 5030 intendunt
546 4967 1028 5048 chrysostomus
1055 4969 1120 5030 et
1146 4965 1508 5028 Ambrosius
1533 4971 1596 5028 et
1623 4965 1728 5028 alii

167 5061 561 5143 expositores
595 5062 668 5122 in
691 5059 872 5122 illum
897 5059 1130 5122 locum.
1153 5057 1548 5140 Quanquam,
1580 5059 1730 5139 quia

163 5155 244 5217 ad
263 5154 692 5218 exercendum
712 5154 834 5217 hoc
855 5153 1136 5234 perfecto
1159 5152 1348 5214 medo
1370 5151 1730 5215 mediatoris

163 5267 400 5312 munus
415 5249 842 5311 necessarium
859 5246 975 5310 fuit
993 5247 1335 5309 humanam
1351 5251 1436 5318 et,
1455 5244 1731 5308 divinam

164 5351 486 5416 naturam,
509 5343 574 5405 in
608 5361 678 5405 se
704 5341 1202 5404 substantialiter
1225 5338 1546 5422 copulare,
1588 5337 1731 5400 ideo

161 5445 506 5518 utramque
543 5437 854 5500 rationem
906 5433 1292 5509 mediatoris,
1320 5432 1556 5496 scilicet
1591 5431 1733 5494 sub·

166 5530 424 5606 stantia,
449 5535 514 5593 et
531 5529 762 5606 officio,
785 5529 931 5592 dicit
953 5529 1167 5592 patres
1183 5529 1346 5592 inter
1375 5543 1444 5589 se
1469 5525 1732 5605 conjun-

3261 360 3381 426 665

1816 467 1999 543 gunt,
2022 470 2084 526 et
2102 463 2368 525 alteram
2390 479 2472 525 ex
2496 461 2697 527 altera
2727 463 3005 544 pendere
3035 465 3282 531 docent.
3308 469 3384 531 Et

1815 554 2043 616 eodem
2076 555 2207 617 fere
2254 555 2443 618 modo
2489 557 2771 635 loquitur
2816 558 3225 639 AugustinuS,
3269 561 3372 623 cit.

1815 647 1955 710 loco
1976 671 1995 724 ;
2014 654 2078 711 et
2098 649 2308 728 Fulg.,
2328 650 2407 713 de
2432 651 2581 728 Fide
2607 649 2689 711 ad
2713 648 2873 725 Pet„
2896 670 2951 713 c.
2982 655 3053 725 2;
3080 660 3142 716 et
3160 653 3373 734 Cyril„

1814 739 1964 802 dial.
1998 745 2029 804 1
2064 741 2147 804 de
2170 743 2369 818 Trin„
2410 761 2537 806 non
2564 744 2755 823 longe
2798 761 2835 806 a
2876 745 3215 826 principio:
3250 747 3378 810 cla-

1813 833 1946 896 rius
1990 834 2032 896 l.
2081 839 2155 899 {2
2194 836 2527 913 Thesaur.,
2556 855 2611 899 c.
2643 839 2760 902 10:
2790 836 3123 920 Epiphan.,
3162 839 3227 902 in
3255 841 3377 903 An-

1815 947 1971 1003 cor.;
2003 929 2225 1008 Hilar„
2254 930 2299 992 1.
2326 934 2366 994 9
2390 931 2470 994 de
2499 931 2701 1004 Trin.,
2722 931 2787 993 in
2816 931 3084 1012 princip.

1895 1026 1961 1086 5.
1988 1021 2167 1086 Unde
2196 1024 2385 1086 etiam
2427 1031 2672 1086 constat
2718 1024 2883 1086 hanc
2928 1026 3233 1088 rationem
3282 1027 3377 1090 vel

1820 1134 2053 1178 munus
2082 1117 2443 1182 mediatoris
2472 1120 2639 1181 idem
2672 1119 2927 1181 omnino
2959 1137 3099 1183 esse
3128 1121 3193 1182 in
3221 1139 3377 1201 prae-

1817 1210 1978 1273 senti
2004 1212 2269 1274 materia
2282 1229 2425 1274 oum
2446 1229 2709 1275 munere
2728 1211 3188 1294 Redemptoris,
3207 1214 3377 1293 quod

1815 1302 1881 1365 in
1921 1304 2233 1368 Christum
2274 1305 2725 1386 perfectissime
2764 1299 3124 1384 convenire,
3146 1307 3379 1387 ipsius·
3418 1299 3421 1304 ’

1817 1413 1943 1475 que
1972 1399 2296 1478 proprium
2321 1417 2483 1476 esse,
2507 1417 2698 1480 supra
2722 1401 2875 1462 satis
2899 1401 3222 1478 ostensum
3258 1405 3371 1476 est,

1816 1507 1963 1552 cum
1992 1491 2072 1554 de
2099 1492 2327 1556 Christi
2359 1493 2783 1556 satisfactione
2812 1501 2874 1556 et
2900 1493 3125 1556 merito
3158 1511 3381 1575 agere·

1815 1602 1983 1647 mus.
2024 1585 2103 1649 Et
2128 1586 2279 1650 ideo
2319 1587 2503 1667 plura
2534 1587 2656 1650 hoc
2692 1589 2831 1650 loco
2869 1587 3103 1650 addere
3128 1606 3254 1649 non
3282 1595 3379 1652 est

1815 1695 2097 1742 necesse.
2139 1679 2218 1742 Et
2264 1680 2344 1744 ad
2380 1680 2503 1744 hoc
2534 1699 2767 1742 munus
2796 1681 2983 1743 etiam
3014 1680 3381 1743 mediatoris

1813 1777 2119 1854 spectant,
2146 1791 2289 1855 quie
2305 1774 2386 1836 de
2408 1775 2634 1838 Christi
2662 1774 2941 1837 oratione
2964 1777 3028 1836 et
3054 1791 3169 1854 pro
3193 1773 3378 1837 nobis

1812 1865 2267 1930 intercessione
2275 1867 2727 1930 diximus.Natn
2741 1867 2803 1929 in
2814 1865 2936 1930 hoc
2946 1867 3135 1930 etiam
3146 1867 3379 1948 perfec·

1809 1962 2121 2024 tissimam
2140 1965 2449 2027 rationem
2472 1963 2838 2026 mediatoris
2855 1961 3074 2026 habuit
3096 1979 3115 2026 t
3134 1963 3379 2030 Accedit

1817 2055 1972 2120 onim
1996 2075 2105 2138 per
2130 2061 2509 2140 semetipsam
2543 2061 2625 2123 ad
2655 2059 2846 2122 Deum
2878 2058 2963 2122 ad
2988 2057 3380 2138 interpellan-

1819 2150 1961 2216 dum
1990 2167 2103 2230 pro
2130 2151 2325 2216 nobit.
2358 2152 2495 2214 Huc
2522 2150 2799 2232 denique
2824 2157 3111 2231 spectant
3136 2167 3277 2231 quoe
3295 2149 3377 2213 de

1819 2242 1985 2306 illins
2010 2243 2356 2307 sacerdotio
2376 2251 2439 2308 et
2458 2251 2768 2324 potestate
2789 2244 2867 2307 ad
2887 2242 3182 2306 ferendas
3202 2243 3376 2324 leges

1819 2335 2115 2399 diximus.
2161 2339 2342 2414 Nam,
2386 2345 2699 2420 quatenus
2750 2355 3033 2400 summus
3083 2336 3376 2400 sacerdos

1821 2435 1938 2500 est,
1964 2447 2081 2509 pro
2114 2430 2476 2494 hominibus
2500 2437 2597 2495 est
2624 2432 2997 2495 constitutus
3030 2429 3095 2492 in
3122 2431 3205 2493 iis
3232 2446 3373 2511 quae

1817 2527 1968 2583 sunt
1998 2523 2079 2583 ad
2106 2524 2346 2598 Deum;
2378 2531 2693 2606 quatenus
2723 2541 2874 2588 vero
2902 2532 2998 2588 est
3026 2523 3372 2603 legislator,

1817 2617 2143 2696 proposuit
2168 2617 2349 2680 nobis
2377 2618 2769 2682 conditiones
2808 2620 2983 2700 pacis
3010 2623 3074 2680 et
3095 2615 3372 2692 foederis,

1813 2728 1889 2772 ac
1916 2711 2129 2773 media
2170 2713 2520 2776 necessaria
2566 2719 2637 2777 ut
2682 2712 3013 2775 amicitiam
3061 2727 3227 2774 cum·
3246 2711 3375 2773 Deo

1815 2801 2145 2879 ineamus3
2174 2812 2451 2886 propter}
2471 2806 2640 2888 quod
2673 2805 2900 2869 Malae.
2920 2808 2959 2868 3
3006 2805 3233 2868 dicitur
3250 2805 3375 2868 An·

1812 2897 1985 2980 gelus
2014 2901 2379 2963 testamenti.
2405 2901 2483 2964 Et
2508 2899 2588 2962 ad
2620 2900 2777 2964 Heb.
2803 2902 2845 2964 9
2870 2903 2934 2963 et
2962 2901 3062 2977 12,
3082 2897 3379 2964 mediator

1813 2991 1955 3054 novi
1975 2993 2317 3058 testamenti
2349 2994 2721 3074 appellatur.
3052 3002 3059 3010 ‘

1895 3088 1957 3146 6.
2004 3086 2319 3163 Secundo,
2345 3088 2659 3169 colligitur
2680 3107 2757 3153 ex
2782 3089 2984 3166 dictis,
3012 3105 3375 3171 quanquam

1815 3177 1953 3240 haec
1982 3179 2257 3260 perfecta
2285 3182 2445 3244 ratio
2469 3183 2857 3259 mediatoris,
2872 3183 3099 3249 Christi
3118 3184 3198 3246 sit
3223 3201 3373 3264 pro·

1815 3271 1977 3352 pria,
2016 3275 2359 3353 quamdam
2400 3281 2613 3340 tamen
2632 3278 3175 3359 participationem
3214 3279 3371 3358 ejus,

1817 3385 1932 3430 seu
1976 3368 2389 3430 ministerium
2435 3377 2567 3434 tam
2594 3371 2848 3452 Angelis
2874 3389 3069 3450 quam
3108 3371 3380 3434 homini·-

1813 3461 1936 3524 bus
1977 3461 2452 3524 communicari.
2484 3463 2560 3526 Et
2599 3464 2721 3524 hoc
2766 3464 2955 3526 modo
3003 3463 3159 3526 alios
3188 3464 3379 3527 etiam

1815 3574 2003 3637 posse
2032 3556 2416 3618 mediatores
2447 3557 2771 3637 appellari.
2806 3559 2989 3633 Nam,
3020 3559 3182 3620 sicut
3208 3557 3385 3621 Chri-

1817 3654 1951 3712 stus
1977 3656 2075 3711 est
2106 3649 2217 3713 lua·
2240 3668 2385 3712 vera
2418 3668 2555 3732 quoe
2587 3649 2903 3715 illuminat
2930 3669 3155 3716 omnem
3183 3650 3377 3715 homi-

1814 3761 1971 3820 nem,
2006 3749 2071 3807 et
2086 3743 2497 3805 nihilominus
2524 3743 2660 3826 ipse
2689 3745 2841 3807 dixit
2861 3743 3179 3826 discipulis
3200 3745 3329 3807 suis
3352 3760 3371 3807 t

1827 3837 1942 3904 Vos
1979 3837 2125 3902 estis
2158 3838 2269 3900 lua>
2302 3837 2513 3901 mundi
2534 3863 2561 3912 ;
2602 3845 2667 3901 et
2706 3838 2869 3902 sicut
2902 3837 3007 3902 ille
3038 3844 3135 3902 est
3161 3844 3375 3920 pastor

1814 3929 2023 3995 bonus
2054 3937 2117 3994 et
2142 3948 2331 3994 verus
2362 3933 2682 4013 magister,
2716 3940 2780 3996 et
2800 3940 3013 3997 tamen
3035 3933 3192 3997 alios
3220 3949 3373 3996 eon-

1817 4026 2015 4088 stituit
2046 4028 2347 4088 Doctores
2376 4033 2438 4088 et
2466 4025 2787 4102 Pastores;
2826 4028 2911 4090 ita
2942 4027 3081 4109 ipse
3114 4031 3206 4089 est
3233 4045 3359 4089 me-

1815 4117 2024 4181 diator
2042 4119 2378 4200 perfectus,
2402 4123 2464 4182 et
2487 4120 2891 4183 nihilominus
2908 4120 3065 4183 alios
3087 4121 3219 4184 vult
3238 4138 3370 4184 esse

1813 4211 2224 4287 mediatores,
2266 4214 2397 4289 vel,
2436 4215 2511 4276 ut
2534 4213 2763 4276 Paulus
2790 4220 3002 4290 vocat,
3041 4213 3369 4294 adjutores,

1817 4310 1846 4369 1
1879 4308 2021 4371 Cor.
2052 4310 2113 4371 3.
2160 4309 2293 4370 Hoc
2323 4309 2513 4389 igitur
2543 4308 2733 4370 modo
2762 4307 2989 4390 Angeli
3026 4308 3223 4371 sancti
3248 4305 3371 4370 dici

1812 4407 2078 4481 possunt
2094 4401 2477 4465 mediatores
2496 4401 2663 4466 inter
2686 4421 2805 4466 nos
2826 4408 2889 4465 et
2909 4403 3135 4465 Deum.
3166 4403 3373 4465 Primo

1815 4494 2093 4574 quidem,
2146 4497 2297 4576 quia
2342 4515 2459 4577 pro
2510 4497 2691 4559 nobis
2738 4503 2943 4571 orant,
2998 4502 3372 4577 nostrasque

1817 4590 2133 4652 orationes
2173 4591 2305 4653 Deo
2352 4591 2642 4653 offerunt.
2695 4591 3010 4669 Secundo,
3061 4593 3211 4672 quia
3254 4608 3371 4652 nos

1813 4682 2195 4760 custodiunt,
2233 4690 2299 4745 et
2324 4702 2363 4747 a
2390 4684 2557 4746 malo
2587 4691 2897 4761 avertunt,
2936 4686 3106 4748 etad
3132 4685 3372 4747 bonum

1813 4777 2027 4858 aliquo
2051 4776 2240 4840 modo
2267 4777 2647 4858 disponunt,
2685 4784 2758 4840 ut
2782 4781 3027 4841 constat
3058 4795 3135 4840 ex
3161 4797 3213 4841 c.
3247 4779 3372 4841 To-

1813 4870 1932 4933 biae
1958 4873 2056 4946 ⁴2,
2082 4871 2318 4935 Daniel.
2343 4873 2443 4948 10,
2467 4871 2697 4934 Psalm.
2720 4873 2824 4946 90,
2851 4871 3035 4933 Zach.
3065 4874 3125 4948 1,
3152 4869 3367 4934 Matth.

1812 4966 1914 5042 18,
1956 4967 2151 5046 Apoe.
2182 4966 2223 5028 8
2242 4981 2265 5046 3
2306 4971 2373 5029 et
2408 4966 2495 5027 ita
2536 4965 2813 5044 loquitur
2856 4964 3064 5043 Dion.,
3108 4969 3151 5028 4
3186 4984 3241 5030 e..
3292 4967 3373 5030 de

1811 5057 2013 5121 Divin.
2046 5057 2287 5120 nomin.
2338 5058 2575 5120 Deinde
2606 5057 2815 5120 Sancti
2847 5056 3034 5119 etiam
3068 5057 3271 5133 beati,
3312 5066 3374 5122 et

1812 5170 1959 5215 cum
1988 5151 2231 5214 Christo
2260 5157 2625 5232 regnantes,
2652 5157 2919 5232 possunt
2946 5151 3158 5231 aliquo
3185 5151 3371 5214 modo

1811 5245 1936 5308 dici
1973 5245 2352 5308 mediatores
2384 5245 2605 5320 nostri,
2646 5243 2796 5325 quia
2836 5263 2953 5325 pro
2982 5243 3165 5305 nobis
3194 5253 3376 5310 orant

1813 5345 1878 5401 et
1905 5338 2345 5414 intercedunt,
2375 5344 2751 5417 nostrasque
2781 5336 3092 5400 orationes
3118 5339 3246 5400 Deo
3275 5357 3377 5402 re-

1813 5437 2235 5513 praesentant,
2278 5431 2459 5510 juxta
2500 5431 2657 5494 illud
2699 5433 2894 5513 Apoc.
2939 5433 2977 5494 5
3009 5449 3025 5494 τ
3070 5430 3378 5497 Habentes

1810 5525 1989 5606 phiaz
2030 5543 2063 5588 s
2124 5543 2343 5591 aureas
2380 5525 2599 5606 plenas
2652 5525 3165 5590 odoramentorum
3185 5569 3201 5602 ,
3246 5541 3375 5606 quae
