3892 6167
624 363 748 431 668
1825 367 2063 433 QUAEST.
2094 367 2269 422 xxvi.
2303 367 2509 425 Arme.
2543 369 2605 423 ll.

621 474 844 531 torem.
869 469 950 533 Et
969 469 1128 532 ratio
1151 485 1230 530 ex
1257 467 1434 531 dictis
1459 474 1554 531 est
1583 471 1798 549 aperta
1823 485 1840 540 3
1871 485 2018 529 nam
2044 484 2183 547 quae

625 564 1006 626 conveniunt
1054 562 1296 624 Christo
1330 579 1445 642 per
1481 561 1824 625 humanam
1864 569 2181 638 naturam,

625 673 752 717 non
782 663 1043 738 possunt
1067 656 1192 719 dici
1223 656 1303 719 de
1335 656 1578 720 Christo
1609 664 1718 719 aut
1743 657 1874 719 Deo
1901 675 2047 720 cum
2085 675 2183 720 re·

625 747 1044 828 duplicatione
1089 768 1206 812 seu
1250 750 1770 813 determinatione
1814 749 2175 824 divitumne,

624 839 774 920 quia
805 842 943 907 haec
968 843 1107 924 ipsa
1133 841 1544 922 reduplicatio
1573 843 1955 906 contrarium
1984 843 2182 922 signi-

623 935 793 1007 fleat,
827 935 1080 1010 scilicet,
1125 937 1250 1000 tale
1291 935 1694 1018 praedicatum
1727 937 1794 998 in
1833 936 2177 1014 divinitate,

626 1047 738 1090 seu
770 1048 884 1110 per
909 1031 1320 1107 divinitatem,
1363 1037 1434 1092 ut
1471 1048 1588 1110 per
1622 1030 1914 1107 formam,
1938 1027 2179 1094 Christo

627 1125 989 1202 convenire,
1011 1131 1080 1186 ut
1110 1123 1368 1187 indicta
1391 1140 1454 1202 q.
1486 1125 1566 1185 16
1593 1130 1912 1186 ostensum
1944 1129 2059 1186 est.

703 1215 765 1278 7.
789 1217 998 1292 Sexto,
1021 1217 1169 1280 hinc
1195 1215 1589 1280 concluditur
1613 1216 1950 1286 Christum,
1978 1223 2049 1278 ut
2071 1216 2187 1278 he·

627 1308 887 1386 minem,
909 1310 1006 1372 vel
1028 1317 1094 1374 ut
1110 1307 1280 1372 hunc
1293 1308 1642 1385 hominem,
1659 1308 2041 1372 includendo
2064 1306 2185 1371 hoc

625 1403 1021 1480 suppositum
1070 1403 1136 1465 in
1183 1404 1575 1465 humanitate
1625 1402 2005 1478 subsistens,
2042 1419 2182 1465 esse

623 1494 1056 1560 mediatorem.
1085 1496 1263 1572 Quod
1293 1515 1370 1560 ex
1397 1497 1581 1560 dictis
1609 1497 1756 1560 satis
1780 1502 2045 1560 constat.

704 1590 766 1651 8.
785 1588 1837 1674 Dubium.—Responeio.—1ndicat
1865 1595 2078 1652 autem
2108 1590 2177 1652 D.

621 1681 917 1758 Thomas,
943 1683 1012 1746 in
1039 1682 1226 1746 solut.
1259 1682 1339 1744 ad
1376 1688 1435 1758 1,
1463 1683 1654 1747 breve
1681 1683 1967 1760 dubium,
2008 1682 2178 1746 scili-

624 1783 726 1838 eet
751 1794 834 1838 an
865 1776 1124 1840 concedi
1153 1777 1346 1858 possit
1373 1777 1683 1854 Christum
1712 1821 1729 1850 ,
1777 1777 1840 1838 in
1869 1783 2179 1858 quantum

622 1869 818 1934 Deum
868 1869 1217 1947 hominem,
1261 1889 1399 1934 esse
1441 1870 1874 1935 mediatorem.
1917 1873 1995 1934 Et
2048 1889 2179 1935 nou

621 1963 964 2044 respondet
992 1965 1053 2025 in
1075 1963 1302 2042 forma,
1331 1964 1443 2027 sed
1471 1963 1675 2026 solum
1705 1965 1814 2044 ait,
1841 1981 1986 2029 cum
2010 1963 2179 2028 Chri-

623 2059 778 2130 stus,
808 2056 874 2117 in
913 2060 1218 2137 quantum
1261 2057 1453 2119 homo
1476 2102 1493 2128 ,
1523 2056 1750 2120 dicitur
1773 2076 1911 2120 esse
1943 2058 2179 2122 media-

620 2156 743 2226 tor,
767 2167 894 2212 non
915 2149 1162 2212 excludi
1187 2151 1570 2215 consortium
1601 2151 1937 2215 divinitatis
1961 2151 2043 2214 ab
2066 2153 2179 2214 hu·

621 2259 812 2305 mana
845 2249 1096 2319 natura,
1123 2243 1272 2324 quia
1313 2243 1469 2308 alias
1511 2244 1947 2308 excluderetur
1974 2245 2177 2327 gratia

621 2337 897 2408 unionis,
927 2337 1171 2399 ratione
1219 2337 1399 2418 cujus
1448 2338 1809 2401 humanitas
1845 2337 2067 2404 hahuit
2109 2345 2179 2403 ut

619 2431 892 2512 potuerit
919 2447 1058 2492 esse
1087 2429 1462 2512 principium
1482 2433 1920 2512 operationum
1942 2433 2179 2496 media-

616 2525 790 2588 toris.
816 2525 906 2588 Ex
933 2525 1053 2588 hac
1081 2541 1232 2586 vero
1258 2523 1542 2588 doctrina
1583 2525 1919 2607 colligitur,
1945 2544 2181 2608 propo·

617 2617 912 2681 sitionem
931 2617 1104 2680 illam
1129 2616 1366 2681 habere
1392 2619 1871 2684 convenientem
1895 2637 2176 2698 sensum,

618 2717 683 2774 et
722 2726 862 2774 ease
898 2711 1390 2775 concedendam.
1435 2712 1592 2786 Quia
1639 2731 1768 2776 non
1811 2719 1904 2778 est
1953 2731 2176 2778 sensus

617 2801 806 2882 illius,
846 2803 1236 2870 divinitatem
1275 2812 1337 2870 et
1363 2805 1822 2874 humanitatem
1871 2825 2012 2872 esse
2051 2807 2174 2872 for-

2266 467 2432 530 male
2460 465 2837 549 principium
2858 465 3085 528 harum
3120 467 3633 546 operationumwd
3650 485 3703 551 di.

2265 561 2566 642 gnitatem
2594 560 2705 622 Dei
2737 565 2801 624 et
2826 565 3118 622 naturam
3150 559 3411 623 hominis
3430 579 3703 645 necessarias

2262 655 2482 732 fuisse,
2504 653 2815 734 simulque
2834 652 3211 716 convenisse
3240 654 3321 716 ad
3348 673 3546 723 munus
3562 673 3607 728 et
3622 690 3706 752 ope-

2262 765 2333 809 ra
2359 746 2623 827 perfecti
2648 746 3047 820 mediatoris3
3073 763 3551 831 unamquamque
3572 763 3703 830 tamen

2264 840 2451 902 modo
2482 841 2597 903 sibi
2626 840 3126 922 proportionato,
3147 845 3427 916 naturam
3442 852 3517 918 ut,
3532 848 3705 923 formale

2262 932 2636 1015 principium
2662 933 3103 998 satisfactionis
3134 939 3199 996 et
3226 929 3422 998 mei-iti
3436 953 3455 1014 ;
3474 952 3701 1019 personam

2262 1045 2437 1102 vero,
2463 1034 2534 1091 ut
2561 1027 2837 1090 radicem
2872 1039 2937 1090 et
2961 1025 3201 1090 fontem
3230 1026 3443 1092 infiniti
3468 1036 3645 1118 valoris,
3665 1055 3701 1109 et

2266 1120 2589 1201 dignitatis
2617 1121 2760 1184 talis
2790 1119 3255 1194 satisfactionis,
3272 1126 3333 1184 et
3354 1124 3531 1187 meriti
3552 1130 3595 1191 in
3614 1153 3697 1214 per.

2262 1213 2430 1276 fecto
2476 1213 2823 1278 mediatore
2864 1213 3232 1277 necessarii.
3260 1213 3389 1287 Quo
3432 1235 3576 1284 sensu
3602 1227 3692 1295 digit

2264 1309 2677 1388 Augustinus,
2699 1309 2870 1372 hom.
2894 1307 2976 1371 de
3002 1307 3262 1385 Ovibus,
3282 1325 3339 1372 c.
3360 1311 3517 1385 12,in
3536 1319 3682 1388 tontl:

2264 1401 2569 1466 Mediator
2593 1403 2712 1466 Dei
2736 1408 2793 1467 et
2821 1401 3156 1478 hominum,
3180 1403 3325 1484 quia
3344 1405 3493 1470 Dm
3512 1428 3601 1473 oum
3621 1415 3690 1480 Pa.

2262 1491 2379 1570 ‘to-e,
2411 1495 2580 1560 homo
2612 1513 2745 1560 oum
2774 1494 3144 1571 homiuibus,
3174 1513 3294 1559 non
3328 1499 3577 1565 mediator
3598 1506 3695 1573 lom

2258 1591 2503 1671 proeter‘
2528 1589 2811 1654 deitatem
2826 1634 2849 1667 ,
2891 1605 3015 1650 non
3060 1589 3351 1653 mediator
3390 1593 3531 1658 Deus
3562 1608 3697 1679 preter

2264 1684 2745 1756 humanitatem;
2773 1682 3077 1750 divinitas
3123 1683 3255 1746 eine
3295 1683 3699 1758 humanitatem

2262 1783 2353 1842 est
2371 1777 2724 1851 mediatrix,
2747 1793 2933 1858 neque
2948 1775 3303 1842 namtas
3324 1777 3438 1842 sine
3459 1781 3699 1863 divinitate,

2259 1871 2367 1937 sed
2408 1871 2571 1937 inter
2610 1871 3051 1936 humanitatem
3094 1867 3303 1944 solam,
3334 1875 3388 1934 et
3428 1873 3703 1944 divinitatem

2259 1965 2473 2040 solam,
2500 1963 2829 2030 mediati-im
2852 1969 2945 2029 eet
2972 1962 3242 2027 humanm
3278 1964 3555 2042 divinitas,
3582 1975 3623 2033 et
3646 1973 3703 2035 ai-

2259 2059 2407 2122 νίκα
2436 2058 2809 2123 namnetem.
2840 2055 2993 2130 Quae
3022 2053 3363 2137 posteriora
3382 2059 3544 2121 verba
3566 2062 3703 2127 minus

2260 2150 2515 2233 propria
2544 2156 2712 2228 sunt,
2744 2157 2804 2213 et
2834 2168 2947 2231 per
2976 2149 3193 2230 priora
3234 2157 3371 2213 sunt
3394 2153 3699 2234 explicanda;

2262 2245 2590 2310 abstractis
2620 2245 2789 2308 enim
2817 2243 3104 2322 vocibus,
3127 2262 3241 2326 pro
3268 2249 3537 2310 concretis
3557 2249 3699 2314 utitur.

2261 2340 2337 2404 Et
2371 2345 2631 2421 propter
2658 2338 2947 2402 eamdem
2978 2355 3239 2400 eausam
3264 2337 3407 2402 dixit
3428 2341 3530 2403 Leo
3560 2344 3696 2424 Papa:

2266 2433 2351 2499 Sa·
2376 2450 2498 2496 uon
2522 2437 2678 2499 met
2694 2432 2878 2506 Deus,
2898 2448 3023 2494 non
3044 2433 3299 2513 affer-m
3320 2434 3606 2511 remedium,
3622 2443 3697 2500 ete.
3761 2475 3762 2486 η

2261 2527 2409 2602 Quae
2438 2543 2582 2589 cum
2606 2525 2819 2588 multis
2847 2525 2989 2587 aliis
3020 2523 3145 2587 late
3174 2541 3349 2606 supra
3378 2529 3694 2604 tractavimus,
3761 2589 3762 2596 ,

2260 2626 2483 2702 quest.
2513 2622 2575 2695 1,
2600 2618 2779 2682 artic.
2822 2621 2885 2682 2.
2928 2617 3079 2681 Haec
3108 2618 3289 2700 igitur
3318 2617 3389 2680 de
3419 2621 3697 2684 lucarnatio-
3761 2685 3762 2692 χ

2256 2731 2339 2776 ne
2362 2712 2444 2776 ad
2468 2711 2775 2776 incarnati
2807 2711 2995 2774 Verbi
3030 2719 3095 2776 et
3118 2711 3523 2794 augustissime
3544 2716 3692 2778 matris
3761 2743 3762 2794 3

2258 2807 2397 2890 ejus
2418 2806 2685 2889 gloriam
2704 2806 2873 2872 dicta
2893 2805 3051 2870 sint.
3761 2803 3762 2836 ³

1734 3485 1888 3536 mun
1913 3483 2061 3538 ’rom
2102 3483 2303 3535 metm
2334 3483 2567 3538 ocuvl.
