3892 6167
1399 361 1720 416 DISPUTAT.
1753 359 1807 416 L.
1843 363 2012 420 SEGT.
2048 367 2109 422 11.

199 471 325 532 13.
383 471 476 534 Ex
511 485 637 550 quo
663 463 976 544 colligitur
1003 461 1206 545 primo
1235 461 1586 526 differentia
1623 464 1716 526 in-

89 568 218 626 ter
249 563 392 626 1100
415 563 576 626 duas
590 557 1080 642 propositiones:
1107 555 1418 634 christus,
1438 557 1508 621 in
1526 575 1718 639 qaan-

93 661 264 720 tum
290 657 504 732 homo,
535 661 627 720 est
645 651 1114 738 predestinatus
1150 649 1360 716 Filius
1390 651 1506 714 Dei
1531 657 1719 717 natu-

91 751 328 827 ralis,
375 755 486 814 et:
517 749 650 814 Hic
678 747 848 812 homo
883 747 1093 824 factm
1118 751 1207 808 est
1234 744 1449 808 Filius
1475 747 1593 810 Dei
1605 761 1717 810 na-

99 843 413 916 tus-alin
429 859 576 904 uam
593 840 754 918 fieri,
771 839 922 902 dicit
937 837 1177 900 realem
1191 837 1504 902 actionem
1520 844 1717 902 trans·

101 943 438 1011 euntem,
503 953 646 1016 quse
675 935 742 997 in
775 951 846 996 re
883 932 1020 1012 ipsa
1046 931 1344 1012 supponit
1389 931 1544 996 illud
1571 933 1718 995 sub·

93 1031 412 1109 jectum,
436 1029 540 1094 vel
559 1028 976 1110 suppositum,
1001 1025 1174 1106 quod
1199 1025 1427 1089 dicitur
1456 1026 1591 1090 ficri
1630 1033 1714 1090 la·

101 1123 202 1196 le,
245 1129 324 1186 et
355 1125 512 1205 quia
543 1123 610 1186 in
638 1141 708 1187 re
737 1139 868 1184 non
893 1125 1099 1204 potest
1127 1119 1396 1182 existere
1416 1120 1540 1183 tale
1569 1119 1718 1183 sub-

99 1221 408 1296 jectum,
440 1215 734 1280 videlicet
756 1214 863 1278 hic
892 1212 1110 1290 homo,
1145 1213 1266 1276 nisi
1298 1215 1366 1276 in
1421 1212 1717 1276 determi-

107 1315 288 1373 nato
309 1311 672 1393 supposito,
697 1309 843 1372 ideo
869 1307 938 1370 in
962 1309 1170 1389 rigore
1196 1307 1304 1370 1110
1324 1307 1668 1390 propositio
1692 1322 1709 1369 :

105 1405 264 1470 Hic
286 1407 474 1470 homo
489 1409 694 1488 factus
721 1409 808 1468 est
831 1403 1022 1480 Deus,
1047 1399 1206 1464 falsa
1231 1407 1347 1477 est,
1366 1401 1517 1482 quia
1544 1401 1612 1465 in
1639 1420 1712 1464 10

109 1501 273 1578 ipsa
303 1517 438 1562 nec
476 1499 693 1564 ordine
719 1497 1021 1577 temporis
1041 1513 1161 1558 nec
1187 1502 1430 1559 naturae
1477 1515 1713 1578 suppo-

111 1595 318 1656 nitur
347 1593 579 1673 aliquis
634 1593 824 1655 homo
855 1591 964 1672 qui
1009 1591 1120 1654 fiat
1155 1591 1347 1668 Dens,
1379 1595 1450 1652 ut
1495 1611 1708 1672 supra,

113 1705 188 1768 q.
227 1685 505 1764 16,1010
545 1685 784 1750 dictum
809 1691 919 1749 est.
949 1685 1031 1748 At
1067 1702 1218 1746 vero
1252 1684 1710 1764 praedestinatio

117 1787 228 1842 est
257 1785 455 1844 aetus
477 1779 732 1854 mentis,
759 1797 902 1859 quae
935 1777 1352 1859 praescindere
1383 1782 1593 1858 potest
1637 1797 1716 1840 00

119 1892 284 1954 quae
316 1875 392 1936 in
431 1891 502 1936 re
541 1873 878 1954 conjuncta
927 1876 1098 1948 sunt,
1136 1875 1197 1934 et
1221 1870 1478 1951 praecise
1510 1871 1714 1934 conci·

119 1987 295 2048 pere
319 1971 496 2032 bunc
524 1967 852 2030 hominem
875 1971 944 2028 ut
995 1965 1442 2028 subsistentem
1499 1965 1566 2030 in
1594 1967 1714 2028 hac

121 2061 566 2138 humanitate,
595 2059 1014 2124 abstrahendo
1038 2058 1120 2120 ab
1147 2059 1268 2120 boc
1289 2059 1390 2120 vel
1433 2057 1540 2120 illo
1569 2057 1712 2120 sub-

125 2157 433 2230 sistente,
467 2160 535 2221 et
578 2154 870 2218 ordinare
931 2161 1002 2216 ut
1049 2155 1128 2216 sit
1175 2154 1302 2217 tale
1341 2153 1709 2232 subsistens,

126 2251 384 2314 scilicet
405 2249 602 2313 Filius
632 2250 782 2323 Dei;
817 2253 879 2311 et
909 2247 1054 2310 ideo
1095 2247 1203 2310 illa
1249 2247 1587 2328 propositio
1621 2253 1715 2309 est

129 2347 206 2406 in
257 2345 478 2426 rigore
517 2359 695 2415 vera,
738 2341 888 2424 quia
945 2359 1024 2404 00
1077 2339 1134 2403 vi
1185 2340 1358 2404 verbi
1393 2341 1713 2420 proedssti-

129 2438 369 2514 nandi,
425 2455 558 2502 non
589 2435 962 2519 supponitur
1019 2432 1277 2514 aliquod
1319 2434 1716 2516 suppositum

133 2532 504 2594 subsistens
527 2530 594 2593 in
621 2531 740 2593 1100
769 2527 1182 2602 humanitate,
1229 2533 1458 2608 proeter
1489 2545 1715 2610 suppo-

137 2627 345 2689 situm
371 2625 510 2688 Filii
535 2625 672 2688 Dei.
701 2623 907 2700 Unde,
953 2629 1026 2685 ut
1069 2621 1205 2684 haec
1247 2621 1712 2702 praedestinatio

135 2721 212 2782 in
247 2737 326 2782 re
351 2721 492 2800 ipsa
521 2717 862 2781 mandetur
889 2715 1272 2790 executioni,
1315 2731 1443 2778 non
1467 2720 1714 2795 oportet

135 2821 214 2874 111
257 2813 362 2876 1110
395 2813 586 2876 homo
607 2811 719 2876 fiat
745 2811 931 2882 Deus,
967 2807 1081 2873 sed
1107 2809 1258 2872 satis
1283 2811 1376 2870 est
1423 2815 1496 2870 ut
1522 2809 1714 2870 Filius

137 2907 256 2970 Dei
291 2905 406 2969 fiat
427 2904 642 2980 homo,
672 2921 824 2968 nam
861 2903 1010 2966 hinc
1051 2906 1514 2985 consequenter
1539 2901 1610 2965 111
1645 2907 1716 2966 ut

139 2999 256 3062 hic
289 2997 482 3062 110100
503 2999 581 3064 011
597 2997 792 3062 Filius
817 2998 932 3061 Dei
959 2995 1284 3070 naturalis,
1311 3014 1424 3058 seu
1454 3001 1524 3058 ut
1561 2995 1714 3058 sub-

147 3095 378 3156 sistens
396 3093 462 3154 in
489 3091 610 3156 1100
645 3091 1034 3156 humanitate
1063 3091 1142 3154 sit
1169 3090 1564 3170 suppositum
1621 3089 1716 3152 Fi·

145 3187 218 3250 lii
245 3185 386 3262 Dei,
415 3187 586 3266 quod
615 3185 1128 3267 praedcstinatum
1177 3187 1338 3247 erat.
1370 3184 1446 3247 Et
1484 3183 1589 3246 hic
1622 3191 1716 3246 001

151 3297 381 3344 sensus
410 3287 665 3361 apertus
693 3279 768 3342 D.
799 3279 1080 3352 Thomas,
1123 3277 1250 3352 1110,
1280 3281 1402 3339 art.
1435 3280 1494 3350 1,
1538 3277 1622 3339 ad
1651 3279 1709 3353 3,

151 3393 348 3456 quem
375 3375 710 3456 Cajetanus
736 3391 867 3438 uon
891 3377 1064 3436 recte
1086 3371 1366 3454 exponit,
1392 3371 1712 3434 affirmans

151 3469 348 3532 etiam
363 3468 528 3530 illam
552 3467 1046 3549 propositionem
1069 3484 1210 3528 esse
1222 3481 1471 3529 veram:
1505 3463 1714 3528 Chris-

153 3571 258 3628 tus
291 3565 378 3626 eet
395 3565 596 3638 factus
615 3559 822 3626 Filius
841 3562 982 3636 Dei,
1015 3558 1188 3640 quod
1207 3563 1425 3642 aperte
1455 3562 1713 3621 0010011-

153 3665 252 3718 tra
283 3654 626 3718 doctrinam
651 3657 726 3718 D.
751 3653 1092 3728 Τ11010.,10
1112 3653 1278 3716 dicta
1303 3669 1364 3731 q.
1398 3655 1457 3729 1,
1480 3657 1544 3714 01
1569 3668 1712 3714 con-

153 3758 254 3812 tra
279 3749 587 3812 rationem
601 3749 736 3830 jam
772 3748 1168 3829 explicatam.

241 3847 338 3908 u.
383 3843 672 3907 Secundo
703 3842 926 3923 colligo
959 3859 1038 3905 ex
1069 3839 1272 3918 dictis„
1323 3839 1602 3902 Verbum
1623 3839 1716 3900 di-

157 3939 394 4011 vinum,
421 3957 538 4002 seu
565 3937 790 4000 Filium
818 3935 928 3998 Dei
949 3954 1078 3998 nen
1109 3951 1298 4016 posse
1337 3933 1624 3996 absolute
1651 3938 1712 3997 et

163 4031 519 4112 simpliciter
537 4029 657 4093 dici
679 4027 1195 4112 praedestinatum
1221 4027 1450 4090 Filium
1475 4027 1714 4088 [10100-

163 4125 441 4188 turalem.
499 4125 632 4188 Hoc
683 4125 850 4186 bene
900 4123 1139 4186 notavit
1197 4119 1443 4183 Alensis
1495 4137 1709 4200 supra,

163 4220 322 4282 dicta
355 4223 571 4300 quaest.
598 4219 658 4281 3.
683 4219 761 4280 Et
785 4217 969 4292 ratio,
998 4234 1138 4298 quae
1164 4233 1242 4278 00
1275 4214 1456 4276 dictis
1479 4213 1714 4294 colligi-

165 4317 286 4386 tur,
323 4311 486 4373 01010
517 4313 638 4387 001,
655 4311 802 4388 quia
834 4307 941 4371 illa
964 4308 1198 4372 locutio
1224 4305 1533 4388 significat
1563 4307 1715 4368 Ver-

165 4405 312 4466 bum
341 4403 638 4478 divinum,
673 4422 787 4466 seu
815 4401 1040 4466 Filium
1079 4403 1194 4464 Dei
1220 4417 1360 4464 esse
1397 4399 1712 4480 objectum

167 4499 348 4577 hujus
393 4495 954 4579 praedestinationis
979 4513 996 4569 ;
1056 4510 1448 4574 consequens
1501 4499 1716 4556 autem

168 4593 384 4654 salsum
425 4597 542 4666 est,
587 4591 736 4670 quia
780 4591 992 4671 potius
1037 4590 1156 4650 hoc
1195 4588 1512 4668 objectum
1557 4605 1716 4668 prse-

169 4683 458 4746 scinditur
475 4683 696 4746 saltem
715 4681 782 4746 in
809 4683 1220 4762 conceptione
1248 4681 1479 4743 mentis
1503 4698 1542 4742 0
1561 4680 1713 4742 Filio

169 4778 292 4841 Dei.
323 4778 393 4841 Et
409 4775 836 4853 confirmatur,
854 4775 1006 4856 quia
1029 4773 1456 4856 praedestinari
1471 4773 1553 4836 ad
1574 4791 1714 4836 esse

171 4871 300 4934 Filii
323 4869 452 4948 Dei,
477 4889 608 4934 non
655 4870 952 4934 convenit
994 4867 1204 4932 Verbo
1241 4865 1588 4930 secundum
1617 4883 1709 4944 se,

167 4972 236 5027 ut
267 4981 340 5027 ex
355 4961 476 5028 fide
505 4967 773 5028 constat.
799 4963 924 5028 Nec
947 4979 1063 5044 per
1075 4959 1708 5024 communicationem

167 5059 544 5136 idiomatum,
595 5057 746 5138 quia
777 5054 1210 5138 praedestinari
1260 5053 1344 5115 ad
1386 5069 1526 5116 esse
1573 5052 1712 5115 Filii

167 5151 274 5217 Dei
301 5149 516 5214 dicitur
542 5150 624 5216 de
651 5150 774 5214 hoc
794 5150 1070 5224 homine,
1105 5153 1178 5210 111
1199 5147 1574 5228 supponitur
1590 5145 1712 5208 sal-

169 5255 292 5308 tem
332 5241 394 5305 iu
447 5243 862 5325 conceptione
901 5239 1154 5318 mentis,
1201 5245 1348 5302 11010
1406 5239 1708 5302 unionem

169 5337 558 5400 humanitatis
583 5337 664 5400 ad
707 5336 1022 5410 Verbum3
1055 5349 1207 5414 ergo
1234 5332 1302 5396 in
1326 5334 1450 5396 1100
1481 5332 1711 5414 praedi-

169 5433 306 5490 cato
330 5445 452 5492 non
491 5433 700 5509 potest
725 5447 868 5492 esse
913 5426 1401 5492 communicatio
1440 5425 1708 5490 idioma-

171 5529 320 5599 tum,
363 5521 528 5602 qnod
580 5537 658 5584 ex
701 5521 992 5601 sequenti
1038 5519 1315 5584 illatione
1354 5517 1707 5584 evidentius

3244 371 3362 434 535

1797 465 1929 530 fiet.
1980 468 2395 552 Quapropter,
2451 489 2593 534 cum
2640 474 2713 538 D.
2772 471 2994 536 Thom.
3046 473 3363 540 interdum

1798 557 1972 638 dicit,
2004 562 2309 639 Verbum,
2344 570 2453 628 aut
2501 561 2729 629 Filium
2767 564 3012 630 ratione
3062 565 3365 632 humani-

1795 655 1965 732 tatis,
1988 674 2102 719 seu
2117 663 2187 722 ut
2208 657 2490 722 subsistit
2518 659 2582 722 in
2609 659 3022 731 humanitate.
3046 679 3187 724 esse
3202 679 3363 744 prae·

1798 746 2179 812 destinatum
2227 749 2449 814 Filium
2490 751 2621 830 Dei,
2678 771 2809 817 uon
2839 752 3130 837 intelligit
3158 758 3361 837 ipsam

1794 857 2135 922 personam
2185 843 2473 910 absolute
2524 847 2760 910 includi
2804 849 2873 910 in
2922 847 3171 930 objecto
3215 848 3359 912 talis

1793 936 2387 1015 proedestinationis,
2418 940 2521 1004 vel
2548 941 2915 1022 simpliciter
2955 941 3043 1004 ita
3078 942 3362 1006 denomi-

1794 1031 1934 1092 nari
1967 1049 1984 1104 3
2020 1031 2133 1094 sed
2152 1032 2353 1096 solum
2379 1040 2691 1115 quatenus
2718 1035 2983 1116 praecisa
3014 1033 3176 1099 ratio
3216 1035 3361 1098 sub-

1799 1123 2071 1187 sistentis
2102 1125 2310 1189 1111100
2348 1127 2739 1192 humanitate
2778 1125 2844 1190 in
2873 1145 2950 1191 00
2998 1127 3362 1192 considera-

1797 1222 1920 1294 tur,
1958 1235 2097 1298 quae
2130 1219 2209 1282 de
2238 1239 2308 1282 se
2348 1218 2717 1284 indifferens
2746 1225 2864 1300 est,
2893 1228 2959 1284 01
2986 1219 3295 1286 abstrahit
3321 1237 3361 1284 a

1796 1311 2121 1392 supposito
2142 1311 2278 1375 Filii
2308 1313 2420 1376 Dei
2448 1314 2777 1380 naturalis.

1875 1408 1975 1470 15.
2020 1407 2256 1486 Το1110,
2282 1409 2567 1489 sequitur
2589 1427 2668 1473 00
2695 1409 2872 1474 dictis
2891 1409 3200 1474 Christum
3226 1427 3358 1474 non

1795 1517 1933 1562 0000
1975 1499 2314 1564 dicendum
2352 1503 2715 1583 simpliciter
2760 1509 2825 1567 et
2867 1503 3153 1566 absolute
3203 1521 3361 1586 prse-

1794 1593 2177 1656 dcstinatum
2195 1595 2279 1657 ad
2302 1613 2443 1660 esse
2471 1595 2611 1659 Filii
2635 1595 2773 1672 Dei,
2817 1596 2929 1660 sed
2966 1597 3170 1659 solum
3216 1615 3360 1660 cum

1799 1685 1902 1750 illo
1927 1686 2165 1762 addite,
2221 1687 2290 1752 in
2322 1695 2615 1771 quantum
2648 1689 2843 1752 homo.
2903 1689 2994 1752 Ita
3050 1687 3364 1771 colligitur

1799 1799 1875 1841 ex
1903 1779 1977 1842 D.
2013 1781 2331 1843 Thomain
2353 1779 2453 1842 his
2482 1781 2779 1845 articulis.
2798 1781 3044 1845 Etratio
3066 1788 3186 1857 est,
3209 1781 3359 1862 quia

1796 1874 2074 1935 Christus
2096 1875 2394 1956 supponit
2418 1891 2533 1954 pro
2554 1875 2691 1956 ipso
2718 1877 3040 1956 supposito
3070 1875 3205 1938 Filii
3222 1875 3361 1952 Dei,

1796 1973 1860 2029 et
1882 1963 2195 2047 significat
2244 1967 2661 2048 compositum
2694 1985 2772 2030 00
2819 1967 3067 2029 duabus
3120 1967 3363 2030 naturis

1793 2063 1858 2124 in
1885 2081 2013 2122 una
2046 2079 2338 2142 persona,
2364 2080 2505 2143 quae
2534 2081 2653 2142 per
2674 2079 2745 2126 se
2784 2068 2849 2124 et
2869 2069 3097 2125 natura
3124 2081 3237 2124 sua
3266 2068 3362 2126 est

1793 2155 1983 2220 Filius
2008 2155 2120 2218 Dei
2164 2153 2490 2229 naturalis,
2522 2160 2588 2217 et
2648 2172 2777 2217 non
2826 2173 2906 2218 ex
2954 2152 3360 2238 praedcstina·

1792 2250 1963 2312 tione
1980 2264 2003 2326 3
2050 2265 2201 2326 ergo
2248 2245 2548 2324 Christus,
2607 2245 2973 2328 simpliciter
3014 2245 3354 2328 loquendO,

1795 2360 1925 2403 non
1958 2346 2165 2422 potest
2192 2357 2331 2402 esse
2361 2339 2679 2420 objectum
2716 2339 2906 2422 hujus
2955 2339 3363 2420 piaedestina·

1797 2433 2003 2508 110010,
2032 2452 2179 2496 cum
2205 2431 2272 2495 10
2319 2451 2388 2495 se
2442 2433 2780 2497 intrinsece
2821 2432 3101 2498 includat
3148 2432 3361 2498 termi-

1795 2545 1951 2590 num
1980 2528 2119 2609 ejus
2146 2545 2163 2603 3
2196 2533 2262 2590 01
2284 2544 2433 2590 vero
2456 2527 2749 2590 addendo
2777 2527 2949 2590 illam
2979 2527 3361 2591 determina-

1795 2621 2056 2698 tionem,
2079 2623 2147 2687 in
2173 2629 2467 2704 quantum
2494 2623 2689 2699 home,
2714 2641 2827 2686 seu
2850 2624 2920 2686 in
2944 2629 3233 2706 quantum
3258 2623 3360 2690 laio

1795 2719 1989 2798 hamo,
2019 2717 2481 2800 praescinditur,
2511 2725 2575 2780 et
2602 2717 3025 2800 specificatur,
3052 2735 3167 2781 seu
3197 2717 3358 2782 desi·

1797 2818 2030 2894 gnatur
2049 2814 2300 2895 propria
2330 2814 2491 2875 ratio
2514 2813 2705 2894 hujus
2743 2812 3035 2886 hominis,
3066 2813 3151 2876 110
3178 2819 3248 2875 111
3292 2811 3360 2874 10

1796 2907 1916 2969 hoc
1972 2907 2219 2988 objecto
2259 2905 2608 2970 formaliter
2658 2925 2791 2970 non
2828 2905 3188 2970 includatur
3222 2923 3362 2988 per-

1798 3019 1956 3064 sona
1978 3001 2115 3064 Filii
2140 3001 2271 3064 Dei.

1878 3099 1977 3158 16.
2025 3096 2309 3177 objectio.
2339 3129 2423 3145 -
2442 3096 2801 3178 Responsio.
2832 3129 2912 3142 —
2940 3095 3059 3158 Sed
3116 3098 3361 3168 contra,

1795 3189 2032 3250 namin
2058 3207 2129 3250 re
2157 3189 2293 3268 ipsa
2318 3188 2620 3264 Christus,
2652 3193 2724 3250 ut
2748 3185 2965 3263 homo,
2982 3200 3112 3249 non
3140 3191 3235 3250 est
3266 3181 3365 3250 Fi·

1796 3283 1916 3344 lius
1940 3281 2057 3344 Dei
2094 3281 2423 3358 naturalis,
2456 3300 2532 3344 00
2568 3281 2758 3343 modo
2794 3299 2921 3361 quo
2960 3299 3131 3344 nunc
3163 3279 3364 3360 loqui-

1793 3394 1977 3450 mur;
2008 3393 2162 3454 ergo
2192 3394 2403 3458 neque
2432 3377 2495 3437 in
2523 3381 2831 3454 quantum
2859 3374 3050 3436 homo
3093 3373 3365 3454 praedes—

1793 3469 2027 3530 tinatus
2058 3473 2247 3532 estut
2290 3470 2371 3532 011
2406 3467 2601 3530 Filius
2657 3465 2769 3530 Dei
2830 3465 3157 3540 naturalis,
3212 3466 3363 3546 quia

1793 3562 1965 3644 quod
1992 3561 2491 3643 proedestinatur,
2518 3561 2609 3623 ita
2634 3559 2917 3621 futurum
2938 3563 3032 3621 est
3064 3558 3129 3620 in
3157 3575 3252 3633 rc,
3280 3557 3365 3620 si-

1795 3660 1900 3718 cut
1923 3655 2440 3737 proedestinatum
2479 3659 2597 3716 est.
2642 3651 3083 3733 Respondetur
3117 3667 3263 3713 cnm
3286 3651 3363 3712 D.

1792 3747 2057 3827 Thoma,
2088 3755 2207 3811 art.
2234 3751 2295 3823 2,
2328 3747 2411 3810 ad
2432 3745 2731 3828 primum,
2758 3762 2895 3808 esse
2923 3743 3363 3824 aequivocatio-

1793 3859 1944 3904 nem
1978 3843 2045 3904 in
2072 3841 2193 3905 hoc
2220 3841 2641 3923 sophismate;
2692 3855 2842 3901 cum
2876 3834 3045 3900 enim
3086 3835 3313 3900 dicitur
3343 3857 3360 3898 ε

1798 3935 2101 4009 Christus,
2131 3937 2201 3999 in
2226 3939 2519 4016 quantum
2556 3933 2752 4006 homo,
2781 3934 2875 3997 oet
2895 3931 3369 4012 proedestinatm

1792 4029 2008 4094 Filius
2034 4029 2175 4106 Dei,
2211 4027 2323 4090 illa
2364 4023 2695 4108 particula,
2739 4023 2809 4089 in
2859 4028 3175 4107 meantum,
3234 4041 3365 4085 non

1795 4122 2088 4204 designat
2108 4121 2179 4182 in
2198 4139 2270 4184 re
2303 4117 2751 4200 praedestinata
2799 4117 3111 4179 rationem
3140 4133 3366 4178 secun-

1795 4214 1947 4277 dum
1976 4232 2169 4294 quam
2191 4213 2280 4276 illi
2310 4213 2608 4277 convenit
2633 4225 2771 4274 esse
2801 4205 3023 4273 Filium
3045 4209 3155 4272 Dei
3178 4211 3367 4270 natu-

1794 4309 1995 4372 ralem
2012 4323 2033 4387 3
2071 4307 2185 4371 sed
2210 4307 2503 4388 designat
2542 4303 2965 4369 conditionem
2994 4303 3363 4383 requisitam

1797 4421 1874 4466 00
1901 4407 2080 4484 00110
2106 4399 2629 4483 praedestinantis,
2660 4398 3007 4462 secundum
3042 4414 3231 4478 quarn
3261 4395 3367 4458 hic

1795 4497 1985 4560 homo
2029 4496 2285 4577 proecise
2314 4513 2387 4557 ac
2409 4493 2759 4556 formaliter
2792 4499 3132 4571 conceptus
3160 4494 3368 4571 potest

1795 4589 2227 4671 praedestinari
2255 4587 2341 4652 ad
2367 4605 2506 4651 0000
2532 4584 2669 4650 Filii
2706 4585 2818 4648 Dei
2846 4581 3188 4657 001111011ος
3235 4598 3367 4644 non

1794 4682 1987 4762 igitur
2014 4683 2495 4764 proedestinatur
2514 4680 2816 4754 Christus,
2841 4681 2913 4739 ut
2940 4677 3007 4738 in
3054 4681 3365 4756 quantum

1793 4777 1987 4838 homo
2016 4776 2097 4838 sit
2122 4775 2316 4840 Filius
2341 4773 2461 4840 Dei
2488 4771 2815 4847 naturalis,
2874 4772 2944 4831 in
2992 4785 3119 4848 quo
3171 4785 3365 4830 sensu

1793 4876 2239 4950 argumentum
2276 4868 2601 4951 procedit3
2628 4866 2740 4930 sed
2780 4863 3081 4938 Christus,
3103 4862 3365 4943 praecise

1795 4969 2135 5043 conceptus
2161 4967 2235 5026 ut
2259 4960 2362 5025 hic
2403 4964 2621 5038 home,
2664 4955 3150 5040 praedestinatur
3188 4960 3257 5018 ut
3288 4955 3369 5017 sit

1790 5056 1987 5118 Filius
2008 5055 2123 5120 Dei
2151 5056 2479 5119 naturalis.
2515 5054 2614 5117 Ad
2652 5053 2921 5114 formam
2971 5065 3124 5129 ergo
3175 5065 3366 5128 argu-

1789 5151 1986 5212 menti
2014 5157 2287 5231 negatur
2340 5145 2817 5226 consequentia,
2864 5161 3038 5220 nam,
3076 5141 3222 5205 licet
3258 5157 3365 5202 res

1787 5242 2233 5324 praedestinata
2282 5240 2521 5306 habere
2562 5239 2793 5302 debeat
2840 5237 2999 5301 illud
3046 5250 3211 5310 esse,
3246 5244 3359 5295 0011

1785 5334 2059 5399 formam
2086 5337 2259 5400 illam
2289 5336 2371 5399 sd
2391 5352 2583 5418 quam
2606 5332 3116 5418 praedestinatur,
3134 5332 3366 5390 nonta-

1785 5445 1936 5494 men
1965 5435 2211 5514 oportet
2237 5429 2389 5494 utin
2418 5447 2489 5495 se
2514 5429 2597 5492 sit
2625 5426 2855 5492 eodem
2886 5416 3081 5486 modo
3108 5437 3237 5502 quo
3266 5427 3363 5484 est

1786 5521 1856 5586 in
1897 5529 2113 5588 mente
2154 5521 2657 5607 praedestinantis
2682 5543 2700 5598 ;
2753 5519 2915 5584 sicut
2948 5527 3209 5602 necesse
3260 5519 3360 5577 est
