3892 6167
1343 367 1667 424 mspun'r.
1699 367 1823 424 xm.
1857 369 2027 424 SECT.
2062 369 2147 424 111.

170 484 224 542 et
243 475 500 556 Spiritus
523 471 734 537 Sancti
761 470 962 546 dona3
993 471 1144 551 quia
1165 470 1443 552 perfecta
1463 472 1702 552 justitia

169 587 373 633 omnes
404 569 524 628 hos
551 567 800 628 habitus
829 565 1295 644 complectitur;
1327 569 1390 626 et
1417 565 1560 626 ideo
1591 564 1701 626 ubi

167 665 478 746 probatum
509 668 606 724 eet
642 660 906 741 primam
943 659 1250 738 justitiam
1281 658 1419 720 dari
1444 677 1520 721 ex
1565 677 1702 720 me-

169 758 289 818 ritis
319 755 566 826 Christi,
597 755 1092 816 demonstratum
1151 751 1527 830 relinquitur
1569 769 1702 813 om·

169 868 267 910 nes
285 851 392 910 hos
417 848 674 910 habitus
703 846 948 908 infundi
971 847 1156 908 nohis
1195 851 1450 926 propter
1476 845 1704 908 eadem

167 943 392 1016 merita,
416 941 590 1002 unde
611 939 952 1004 Concilium
977 939 1438 1017 Tridentinum,
1454 957 1610 1002 sess.
1634 943 1696 1015 6,

168 1056 216 1096 c.
243 1041 298 1106 7,
325 1033 570 1107 defluit,
595 1035 662 1096 in
685 1034 1132 1116 justificatione
1179 1034 1465 1112 accipere
1499 1033 1702 1094 homi·

169 1145 294 1188 nem
315 1145 426 1205 per
442 1127 754 1189 Christum
775 1126 988 1202 fidem,
1015 1145 1194 1207 spem
1213 1130 1278 1190 et
1301 1127 1700 1202 charitatem,

171 1224 259 1283 ubi
285 1222 358 1282 de
387 1221 706 1283 habitibus
731 1220 1030 1300 loquitur,
1064 1222 1223 1283 utin
1273 1220 1703 1301 superioribus

169 1321 470 1376 tractatum
521 1320 638 1378 est.
673 1318 748 1376 Et
801 1315 1062 1378 inferius
1097 1315 1267 1390 dicit,
1293 1315 1704 1376 christianam

163 1408 465 1488 justitiam,
493 1425 688 1488 quam
716 1410 893 1488 prius
919 1408 1164 1470 dixerat
1189 1407 1514 1470 includere
1543 1407 1704 1468 iufu-

169 1504 388 1562 sionem·
418 1502 636 1580 gratiae
663 1502 1080 1576 etdonorum‚
1109 1502 1244 1564 dari
1266 1519 1380 1582 per
1397 1501 1705 1564 Christum

168 1597 378 1658 iesum.
409 1595 729 1671 Secunde,
758 1612 888 1656 non
915 1601 1112 1657 tracto
1149 1595 1230 1656 de
1257 1595 1585 1657 effectibus
1610 1611 1705 1656 sa-

169 1694 636 1764 cramentorum,
677 1690 742 1751 iu
792 1689 1022 1768 quibus
1057 1688 1246 1749 varim
1297 1688 1706 1750 includuntur

170 1781 588 1861 perfectiones,
622 1791 852 1864 praeter
892 1783 1160 1863 primam
1186 1783 1452 1862 gratiam
1475 1782 1708 1862 justifi-

169 1881 410 1950 cantem,
441 1883 516 1936 ιιι
559 1884 975 1957 augmentum
1014 1878 1251 1956 gratiae,
1283 1877 1570 1938 remissio
1597 1893 1710 1938 ve-

169 1968 400 2030 nialium
427 1975 862 2048 peccatorum,
900 1987 1013 2032 seu
1035 1989 1366 2050 poenarum
1393 1978 1710 2051 tempora-

169 2063 322 2136 }ium‚
343 2064 518 2124 varia
537 2063 778 2126 auxilia
807 2081 920 2126 seu
951 2066 1164 2146 gratiae
1193 2065 1704 2138 sacramentales,

170 2157 562 2232 characteres,
597 2175 715 2221 seu
765 2159 1120 2238 spirituales
1147 2163 1522 2240 potestates;
1561 2173 1710 2220 nam

169 2251 288 2312 haec
321 2252 553 2327 omnia,
589 2256 662 2314 et
704 2253 1008 2333 quidquid
1047 2271 1162 2334 per
1191 2260 1583 2315 sacramenta
1631 2269 1711 2314 ex

173 2361 338 2423 opere
357 2353 624 2424 operato
641 2347 978 2422 confertur,
1007 2348 1425 2410 certissimum
1451 2352 1546 2410 est
1569 2363 1709 2409 esse

171 2439 496 2515 proemium,
531 2457 656 2502 seu
711 2441 1000 2503 effectum
1040 2442 1410 2503 meritorum
1443 2441 1704 2516 Christi3

173 2530 302 2609 quia
337 2539 740 2596 sacramenta
787 2551 864 2595 ex
909 2535 1150 2596 meritis
1203 2534 1430 2596 Christi
1479 2535 1714 2596 habent

173 2625 461 2701 virtutem,
501 2633 572 2689 et
631 2628 786 2689 nihil
833 2627 1006 2688 aliud
1047 2633 1193 2690 sunt
1229 2645 1422 2706 quam
1471 2645 1712 2707 organa

174 2733 272 2795 per
289 2736 425 2796 qum
452 2721 690 2783 merita
733 2721 956 2784 Christi
985 2723 1168 2783 nobis
1195 2721 1609 2802 applicantur,
1643 2723 1715 2784 ut

175 2818 390 2874 constat
407 2829 486 2874 ex
505 2813 794 2876 Concilio
809 2815 1196 2889 Tridentino,
1225 2833 1381 2876 sess.
1411 2817 1472 2888 6,
1507 2821 1567 2875 et
1588 2821 1715 2875 tra·

173 2903 374 2966 demus
397 2905 598 2968 latius
649 2907 836 2984 iufra,
865 2914 1128 2988 agentes
1155 2909 1236 2969 de
1279 2906 1709 2970 sacramentis.

175 2999 544 3079 Relinquitur
577 3019 736 3081 ergo
766 3003 1030 3081 quaestio
1061 3003 1142 3065 de
1165 3003 1304 3064 aliis
1333 3001 1541 3077 donis,
1575 3015 1716 3080 qum

175 3100 327 3155 extra
364 3103 841 3158 sacramentum
877 3097 1118 3158 homini
1148 3095 1556 3158 conteruntur
1577 3101 1718 3175 post

173 3189 420 3265 primam
438 3189 784 3269 justitiam,
823 3207 960 3269 quoe
979 3191 1061 3252 ad
1093 3197 1365 3269 quatuor
1394 3191 1597 3269 capita
1617 3205 1718 3250 re-

175 3281 362 3342 vocari
389 3289 689 3362 possunt,
735 3283 992 3359 scilicet,
1039 3285 1270 3346 auxilia
1297 3283 1628 3346 excitantia
1655 3287 1719 3343 et

173 3375 534 3453 adjuvantia,
572 3393 718 3456 quoe
741 3377 982 3438 homini
1012 3376 1242 3439 dantur
1268 3377 1348 3438 ad
1389 3377 1551 3438 bene
1573 3393 1721 3456 ope-

175 3470 416 3531 randum
435 3476 594 3550 post
619 3477 944 3551 acceptam
971 3473 1240 3551 primam
1278 3472 1566 3552 gratiam.
1611 3473 1720 3533 Se·

175 3564 382 3638 cundo,
409 3566 718 3627 meritum
753 3567 1079 3646 augmenti
1125 3567 1342 3647 gratia,-
1377 3571 1438 3628 et
1477 3565 1716 3646 gloriae,

177 3663 348 3735 atque
379 3659 540 3721 adeo
592 3660 928 3741 ipsummet
955 3666 1368 3742 augmentum
1398 3661 1614 3738 gratiae
1659 3663 1722 3720 et

175 3751 387 3829 glorias.
413 3755 664 3828 Tertio,
705 3752 1044 3816 satisfactio
1072 3772 1188 3835 pro
1214 3753 1563 3816 venialibus
1593 3752 1724 3813 cul-

175 3846 260 3920 pis
278 3851 336 3906 et
365 3845 713 3928 temporali
733 3865 944 3928 poena.
980 3849 1236 3924 Quarto,
1259 3847 1724 3928 perseverantia

175 3939 232 3998 in
259 3942 450 4018 gratia
481 3959 693 4021 usque
716 3943 792 4004 ad
821 3943 1014 4004 finem
1038 3943 1197 4004 vitae.

245 4037 300 4093 2.
335 4035 610 4123 Nummi
640 4037 942 4100 amilium
960 4039 1182 4117 qratia·
1199 4039 1515 4113 confertur
1528 4035 1729 4117 justi·

171 4129 374 4206 ficetis,
415 4132 552 4194 nisi
595 4145 708 4209 per
741 4132 962 4195 merita
1011 4129 1266 4194 Christi.
1284 4129 1532 4191 —Dieo
1575 4145 1726 4210 ergo

179 4223 400 4297 primo:
431 4223 654 4284 omnia
685 4224 900 4302 gratiae
927 4224 1177 4298 auxilia,
1206 4241 1346 4302 quae
1370 4222 1727 4284 hominibus

175 4314 512 4392 justificatis
545 4317 979 4389 conferuntur,
1017 4317 1278 4379 effectus
1307 4322 1451 4378 sunt
1480 4316 1728 4377 merito·

181 4427 304 4470 rum
339 4410 586 4474 Christi.
621 4411 768 4474 Haec
791 4411 1110 4472 conclusio
1135 4429 1212 4472 ex
1239 4411 1475 4472 eisdem
1505 4409 1730 4489 princi-

179 4503 283 4579 piis
313 4504 644 4583 probanda
671 4509 793 4581 est,
823 4504 1054 4584 quibus
1105 4521 1294 4584 supra
1327 4503 1728 4583 probavimus

183 4597 430 4659 similem
461 4598 882 4660 assertionem
923 4597 1004 4658 de
1033 4597 1278 4658 auxiliis
1303 4597 1728 4659 antecedenti·

183 4689 288 4750 bus
321 4689 861 4767 justificationem,
889 4689 1037 4769 quia
1064 4689 1421 4752 testimonia
1450 4689 1728 4768 Scriptu-

183 4799 258 4842 ras
283 4792 344 4845 et
365 4785 745 4847 Sanctorum
785 4783 1164 4863 generaliter
1194 4782 1274 4846 de
1317 4781 1607 4844 omnibus
1635 4782 1731 4843 lo·

184 4883 466 4952 quantur.
505 4879 588 4940 Et
611 4879 774 4940 ratio
803 4883 898 4939 est
941 4877 1184 4951 eadem,
1225 4891 1363 4954 quae
1389 4876 1728 4938 hocmodo

183 4980 372 5050 potest
401 4974 738 5040 commode
765 4971 1058 5052 explicari
1081 4989 1095 5030 :
1115 4972 1251 5032 haec
1277 4972 1446 5032 enim
1476 4971 1728 5046 auxilia,

183 5068 456 5142 quaedam
487 5073 657 5142 sunt,
678 5066 869 5128 veluti
893 5065 1324 5126 connaturalia
1346 5063 1468 5144 ipsi
1488 5061 1728 5141 gratiae,

187 5159 257 5219 ad
275 5177 418 5222 enm
443 5161 707 5226 modum
731 5177 860 5239 quo
877 5175 1219 5220 concursus
1237 5157 1320 5219 ad
1341 5156 1734 5237 operandum

186 5252 422 5316 debitus
453 5261 550 5317 est
584 5255 926 5332 unicuique
969 5253 1282 5327 facultati3
1311 5256 1374 5312 et
1400 5252 1536 5312 haee
1564 5247 1734 5309 auxi-

188 5345 262 5406 lia
287 5349 719 5428 intelliguntur
746 5349 972 5409 eadere
997 5347 1116 5408 suh
1145 5346 1312 5406 idem
1341 5343 1566 5407 Christi
1602 5359 1732 5404 me·-

188 5440 385 5514 1itum‚
407 5442 528 5502 sub
553 5459 681 5524 quo
705 5441 872 5502 cadit
893 5441 1033 5519 ipsa
1073 5439 1278 5518 prima
1315 5437 1536 5518 gratia.
1559 5436 1733 5497 Sicut

193 5533 348 5595 enim
373 5550 520 5596 cum
539 5537 764 5600 meruit
788 5534 970 5596 nobis
994 5531 1272 5598 Christus
1295 5532 1561 5612 primam
1592 5545 1735 5610 gra-

3226 367 3338 428 361

1781 471 1932 533 tiam
1962 519 1979 548 ‚
2034 471 2267 535 meruit
2311 477 2685 554 perpetuam
2738 471 2877 550 ejus
2916 466 3347 534 ‘conservatio-

1781 583 1964 640 nem,
1999 567 2301 646 quamdiu
2360 585 2473 627 nos
2523 565 2767 646 peccati
2824 562 3343 644 impedimentum

1781 677 1911 720 non
1944 660 2364 739 objecerimus
2388 706 2408 736 ,
2434 661 2521 720 ita
2552 659 2744 722 etiam
2774 657 3007 719 meruit
3038 657 3211 718 illam
3238 675 3345 738 ap·

1781 759 1912 814 tam
1960 759 2023 814 et
2066 755 2421 834 expeditam
2472 753 2555 814 ad
2596 751 2987 832 operandum
3037 757 3346 830 quantum

1779 863 2045 908 necesse
2084 853 2251 910 esset
2302 865 2379 908 ex
2436 853 2615 926 parte
2664 845 2861 926 ipsius
2908 843 3161 925 gratioe3
3195 843 3347 922 quia

1779 958 1909 1001 non
1960 947 2204 1003 tantum
2246 942 2478 1004 meruit
2512 939 2685 1001 illam
2714 945 2784 1001 ut
2832 945 2998 1001 esset
3042 939 3109 998 in
3136 936 3341 1013 nobis,

1781 1035 1895 1096 sed
1924 1035 2113 1098 etiam
2132 1041 2203 1098 ut
2230 1053 2345 1116 per
2368 1034 2538 1096 illam
2562 1033 2809 1115 operari
2829 1049 3155 1113 possemus
3170 1048 3191 1110 3
3216 1047 3349 1093 me·

1782 1128 1907 1190 ruit
1931 1147 2082 1210 ergo
2128 1131 2449 1203 auxilium,
2485 1145 2598 1190 seu
2632 1127 3175 1207 supernaturalem
3196 1143 3349 1188 con-

1784 1239 2038 1284 cursum
2068 1222 2433 1303 simpliciter
2479 1222 2907 1284 necessarium
2952 1220 3033 1281 ad
3080 1238 3347 1300 operan-

1784 1317 1958 1379 dum.
1989 1317 2125 1378 Alia
2148 1335 2299 1379 vero
2322 1325 2469 1379 sunt
2490 1315 2717 1378 auxilia
2740 1313 3255 1390 extraordinaria,
3284 1321 3347 1378 et

1783 1409 2099 1488 uberiora,
2128 1417 2190 1473 et
2218 1413 2353 1472 haec
2384 1429 2601 1472 rursus
2640 1409 2954 1471 interdum
2978 1408 3207 1469 dantur
3231 1409 3346 1470 ho-

1785 1505 1938 1566 mini
1964 1508 2134 1582 justo
2164 1523 2239 1566 ex
2258 1505 2651 1585 beneplacito
2671 1502 2785 1566 Dei
2806 1501 2939 1564 sine
2962 1501 3186 1563 merito
3210 1519 3346 1562 sus-

1787 1599 2077 1678 cipientis
2091 1646 2113 1677 ,
2160 1604 2351 1679 atq-ue
2399 1600 2557 1660 adeo
2604 1615 2777 1660 mere
2822 1598 3015 1677 gratis
3052 1602 3345 1674 respectu

1787 1693 1989 1768 illius3
2023 1699 2086 1756 et
2113 1695 2193 1756 de
2216 1693 2317 1756 his
2342 1695 2528 1758 etiam
2554 1699 2647 1756 est
2676 1698 2919 1755 certum
2956 1708 3209 1769 semper
3234 1691 3347 1751 da·

1786 1788 1838 1849 ri
1859 1791 2117 1868 propter
2138 1787 2361 1849 merita
2380 1786 2623 1860 Christi,
2644 1792 2713 1849 ut
2736 1784 3059 1848 evidenter
3078 1783 3349 1864 probant

1790 1882 2005 1944 omnia
2050 1881 2337 1961 superius
2366 1880 2655 1956 adducta,
2687 1897 2828 1959 quse
2863 1877 3238 1958 generaliter
3260 1877 3351 1936 lo·

1789 1980 2071 2055 quuntur
2093 1975 2173 2036 de
2216 1973 2509 2036 omnibus
2540 1974 2761 2052 gratia}
2806 1971 3027 2043 donis:
3065 1971 3183 2031 hoc
3238 1987 3357 2030 au-

1789 2075 1922 2130 tem
1978 2074 2073 2130 est
2124 2068 2397 2148 speciale
2439 2066 2678 2129 donum
2730 2065 2945 2145 gratiae
2988 2063 3349 2126 distinctum

1791 2162 2051 2224 omnino
2080 2161 2161 2223 ab
2192 2163 2326 2242 ipsa
2341 2162 2565 2242 prima,
2598 2165 2659 2222 et
2696 2159 2838 2220 ideo
2860 2175 2991 2220 non
3018 2157 3217 2218 solum
3254 2157 3352 2218 est

1792 2273 1870 2318 ex
1897 2255 2135 2316 meritis
2162 2255 2409 2329 Christi,
2442 2254 2557 2316 sed
2596 2253 2785 2315 etiam
2807 2258 2903 2314 est
2942 2268 3107 2312 nova
3146 2249 3352 2330 appli-

1793 2348 1955 2412 catio
1983 2349 2200 2410 talinm
2228 2347 2593 2408 meritorum
2626 2365 2642 2418 ;
2680 2351 2743 2406 et
2766 2343 2887 2406 hoc
2933 2343 3165 2421 optime
3204 2359 3351 2402 con·

1792 2443 2049 2503 firmant
2088 2441 2193 2504 illa
2234 2441 2425 2502 verba
2478 2439 2726 2515 Christi,
2780 2439 3007 2499 Joann.
3042 2439 3120 2497 15
3148 2453 3164 2497 ε
3195 2433 3355 2498 Sino

1794 2553 1888 2598 mo
1903 2535 2323 2617 nihilpotestis
2342 2537 2557 2612 facero.
2579 2531 2899 2594 Interdum
2924 2547 3073 2591 vero
3097 2525 3353 2607 aliquod

1797 2647 1874 2690 ex
1903 2629 2005 2690 his
2056 2627 2301 2690 auxiliis
2336 2626 2655 2689 confertur
2696 2645 2774 2688 ex
2828 2623 3049 2686 merito
3079 2619 3353 2684 hominis

1789 2723 2135 2802 iustificati,
2170 2723 2277 2801 qui
2328 2721 2591 2796 orando,
2620 2718 2963 2800 operand0,
2991 2725 3053 2779 et
3080 2717 3243 2776 bene
3285 2729 3353 2773 se

1797 2816 2224 2896 disponendo,
2256 2831 2375 2895 per
2418 2815 2689 2894 primam
2737 2811 3003 2892 gratiam
3060 2815 3122 2871 et
3146 2808 3357 2888 priora

1795 2910 2030 2972 auxilia
2050 2908 2366 2989 impetrat,
2400 2907 2559 2970 etde
2584 2907 2897 2985 condigno
2926 2909 3209 2966 meretur
3235 2899 3359 2961 alia

1797 3005 2041 3081 majora
2086 3003 2207 3064 sibi
2244 3003 2600 3065 necessaria
2634 3009 2699 3063 et
2726 3001 2907 3064 valde
2940 2999 3115 3060 utilia
3143 3017 3158 3070 ς
3189 2994 3358 3057 etde

1797 3096 1898 3157 his
1947 3096 2174 3158 eadem
2227 3101 2323 3158 est
2379 3097 2538 3158 ratio
2572 3111 2712 3176 quae
2740 3093 2819 3157 de
2857 3098 3197 3173 augmento
3222 3107 3359 3171 gra·

1797 3189 1923 3266 tiae,
1947 3196 2011 3252 et
2028 3191 2251 3253 merito
2288 3189 2371 3252 de
2398 3189 2711 3269 condigno
2740 3188 2925 3251 illius·

1881 3285 1940 3344 3.
1989 3285 2223 3346 Donum
2252 3284 2715 3364 perseverantia·
2740 3297 2971 3361 semper
3002 3283 3091 3344 cst
3108 3281 3360 3358 effecius

1799 3378 2151 3442 moritorum
2182 3377 2439 3440 Christi.
2464 3407 2546 3423 —-
2564 3377 2653 3437 Ex
2680 3377 2777 3436 his
2802 3383 3015 3436 tamen
3042 3373 3242 3434 obiter
3264 3372 3361 3431 in—

1797 3473 2021 3545 fertur,
2052 3477 2116 3531 et
2133 3470 2271 3531 dico
2302 3468 2601 3546 secundo,
2629 3469 2865 3530 donum
2887 3463 3361 3548 perseverantiae

1803 3582 2057 3644 semper
2121 3581 2259 3625 esse
2318 3564 2610 3625 effectum
2670 3562 3034 3625 meritorum
3086 3560 3309 3622 Christi
3337 3604 3359 3635 ,

1803 3660 1951 3738 quia
1972 3659 2091 3718 hoc
2115 3658 2349 3719 donum
2372 3657 2631 3720 includit
2656 3656 2948 3736 specialia
2992 3653 3242 3726 auxilia,
3260 3651 3361 3714 vel

1801 3751 2143 3833 specialem
2166 3751 2275 3813 Dei
2302 3751 2777 3832 providentiam,
2800 3765 2927 3829 qua
2950 3745 3189 3808 homini
3212 3761 3365 3806 con-

1803 3845 2093 3906 fertur-ut
2110 3844 2517 3905 infallibiliter
2538 3843 2601 3904 in
2627 3842 2822 3923 gratia
2838 3841 3164 3912 moriatur,
3192 3835 3363 3916 quod

1809 3945 1908 4000 est
1947 3938 2085 3999 sine
2132 3937 2321 3999 dubio
2373 3952 2677 4017 magnum
2734 3937 2971 3997 donum
3024 3935 3262 4014 gratiae,
3293 3937 3364 3994 ut

1805 4031 2149 4094 Concilium
2166 4029 2622 4105 Tridentinnm,
2644 4047 2797 4092 sess.
2818 4032 2880 4104 6,
2904 4027 3055 4089 illud
3085 4025 3367 4106 appella-

1805 4126 1916 4200 vit,
1945 4131 2007 4186 et
2032 4131 2128 4186 est
2153 4126 2239 4186 ita
2262 4123 2623 4186 distinctum
2653 4125 2733 4184 ab
2758 4124 2898 4202 ipsa
2918 4121 3119 4202 prima
3136 4119 3359 4200 gratia,

1807 4225 1874 4281 et
1923 4219 2010 4281 illi
2038 4234 2167 4279 non
2196 4217 2581 4290 debitum,ut
2606 4234 2737 4277 non
2761 4217 2954 4296 possit
2976 4213 3203 4276 cadere
3244 4211 3365 4274 suh

1807 4314 2103 4375 meritum
2133 4313 2211 4373 de
2237 4311 2550 4392 condigno
2582 4311 2855 4372 hominis
2874 4307 3196 4388 justificati
3224 4326 3241 4378 ς
3272 4309 3367 4368 est

1811 4425 1963 4487 ergo
1992 4423 2072 4467 ex
2108 4404 2229 4465 illis
2260 4405 2443 4466 donis
2472 4421 2610 4482 quoe
2643 4403 2723 4465 de
2760 4403 3074 4483 condigno
3111 4402 3363 4474 dantur,

1809 4503 2015 4563 solum
2034 4504 2293 4582 propter
2316 4500 2541 4563 merita
2580 4499 2825 4561 Christi.
2856 4499 2932 4558 Et
2962 4495 3368 4558 confirmatur

1807 4597 2036 4676 primo,
2062 4595 2211 4672 quia
2236 4592 2359 4654 hoc
2390 4593 2628 4654 donum
2660 4597 2754 4654 est
2781 4591 3050 4652 maxime
3076 4607 3369 4651 necessa-

1807 4690 1971 4750 rium
1997 4688 2079 4750 ad
2098 4688 2365 4749 salutem
2391 4692 2690 4749 aeternam
2711 4685 3248 4764 consequendam:
3276 4699 3370 4743 er-

1811 4802 1892 4863 go
1921 4783 2233 4857 Christus,
2281 4780 2389 4859 qui
2422 4786 2516 4841 est
2565 4783 2785 4840 auctor
2823 4783 2883 4840 et
2916 4775 3367 4857 perfectissima

1811 4893 2004 4938 causa
2034 4875 2352 4948 meritoria
2376 4879 2607 4935 nostrae
2628 4874 2867 4944 salutis,
2890 4877 2986 4933 est
3007 4871 3196 4932 etiam
3224 4887 3371 4931 auc-

1813 4977 1911 5031 tor
1935 4974 2000 5030 et
2026 4985 2214 5029 causa
2244 4967 2435 5045 hujus
2474 4965 2645 5028 doni.
2690 4963 3106 5027 confirmatur
3146 4980 3371 5024 secun-

1813 5063 1918 5136 do,
1947 5062 2120 5142 quia,
2151 5066 2223 5122 ut
2253 5059 2414 5120 infra
2454 5059 2804 5132 ostendam,
2834 5055 3111 5120 Christus
3142 5055 3372 5117 meruit

1813 5156 2427 5237 praedestinationem
2457 5159 2736 5214 nostram
2753 5167 2774 5229 3
2824 5151 3203 5231 impossibile
3255 5165 3373 5210 au-

1813 5257 1942 5312 tem
1981 5256 2075 5312 est
2114 5249 2343 5310 mereri
2377 5245 2993 5326 praedestinationem
3022 5290 3037 5319 ,
3070 5261 3199 5304 non
3241 5257 3374 5302 me-

1813 5343 2013 5405 rendo
2063 5343 2185 5404 hoc
2232 5340 2715 5422 perseverantiae
2747 5339 3007 5411 donum,
3058 5335 3228 5414 quod
3279 5340 3375 5395 est

1814 5455 1980 5499 unus
2028 5455 2103 5498 ex
2154 5435 2493 5516 potissimis
2523 5433 2844 5494 effectibus
2886 5427 3375 5510 pra-destinatio·-

1815 5531 1933 5608 nis,
1968 5537 2031 5593 et
2058 5527 2239 5608 quasi
2268 5527 2799 5606 complementum
2820 5525 2977 5604 ejus,
3006 5523 3157 5586 ltem
3185 5537 3373 5602 supra
