3892 6167
539 317 660 376 630

539 437 682 486 esse
707 418 902 482 moris
931 416 1298 497 intelligitur
1323 413 1572 476 bonitas
1597 411 1852 475 moralis
1881 410 2098 472 talium

539 518 816 585 actuum,
853 510 1024 572 unde
1049 525 1312 571 necesse
1337 514 1432 570 est
1459 507 1546 568 ita
1573 504 1872 584 distingui
1901 505 1965 565 in
1994 502 2103 562 bo·

541 605 738 668 nitate
773 603 1110 667 intrinseca
1135 647 1152 675 ,
1193 601 1356 662 sicut
1385 600 1856 678 distinguuntur
1886 597 1955 656 in
1988 611 2101 656 sno

541 716 720 773 08803
747 697 984 760 namin
1011 697 1252 759 actibus
1277 695 1540 757 internis
1561 693 1904 756 voluntatis
1933 707 2009 751 ex
2032 707 2101 750 se

543 798 704 856 etex
721 791 966 870 obJecto
987 791 1324 852 intrinsece
1343 787 1546 860 bonis,
1574 786 1832 848 moralis
1854 783 2104 846 bonitas

542 885 644 948 vel
681 885 838 946 nihil
878 883 1048 945 aliud
1091 890 1185 945 est
1225 899 1415 962 quam
1457 881 1614 943 illud
1651 897 1796 942 esse
1833 875 2101 951 virtutis,

543 977 716 1060 quod
753 977 896 1040 talis
936 983 1114 1039 actus
1153 976 1346 1038 habet
1377 995 1416 1036 a
1445 992 1562 1038 suo
1591 973 1841 1053 objecto
1871 985 2105 1032 secun·

546 1073 698 1135 dum
725 1089 904 1133 snam
931 1069 1248 1151 propriam
1275 1068 1575 1149 speciem,
1605 1066 1776 1147 quod
1799 1063 1987 1126 etiam
2016 1066 2107 1123 est

547 1167 756 1246 ipsum
789 1181 928 1226 esse
959 1163 1244 1226 naturale
1275 1164 1414 1241 ejus
1435 1208 1456 1238 ,
1497 1179 1624 1242 quo
1653 1160 1720 1222 in
1758 1158 1865 1220 tali
1895 1153 2109 1235 specie

545 1259 706 1320 entis
741 1264 806 1320 et
845 1257 1162 1336 qualitatis
1207 1255 1633 1330 constituitur-3
1671 1252 1772 1316 vel
1810 1254 2005 1324 certe,
2056 1245 2111 1309 si

546 1351 794 1414 bonitas
863 1350 1120 1412 moralis
1183 1349 1425 1429 aliquid
1493 1347 1642 1410 dicit
1705 1351 1932 1426 praeter
1990 1343 2113 1404 hoc

548 1462 711 1518 esse,
759 1443 912 1505 illud
963 1449 1054 1506 est
1095 1444 1639 1524 proportionatum
1683 1438 1799 1519 ipsi
1836 1455 1997 1510 esse,
2050 1441 2115 1498 et

555 1539 892 1601 intrinsece
937 1555 1332 1618 consequens
1379 1536 1536 1598 illud
1570 1581 1587 1609 ,
1637 1540 1698 1596 et
1744 1534 1889 1595 ideo
1936 1548 2113 1612 seque

551 1634 668 1696 erit
698 1631 1098 1705 distinctum;
1129 1639 1224 1706 ut,
1252 1631 1424 1692 verbi
1459 1629 1680 1710 gratia,
1721 1627 1771 1688 si
1800 1643 2113 1707 ponamus

550 1726 898 1788 honitatem
945 1725 1179 1788 addere
1235 1723 1739 1786 conformitatem
1791 1721 1872 1784 ad
1921 1720 2115 1781 ratio·

551 1833 700 1882 nem
709 1863 728 1894 ,
747 1819 848 1880 vel
873 1819 954 1880 ad
979 1819 1325 1898 appetitum
1351 1824 1616 1890 rectum,
1643 1814 1743 1876 vel
1771 1814 1852 1876 ad
1876 1811 2108 1894 legem,

553 1915 688 1974 hoeo
723 1912 909 1975 etiam
941 1912 1295 1974 invenietur
1321 1911 1572 1972 diversa
1600 1910 1664 1969 in
1699 1909 1818 1971 illis
1849 1907 2114 1970 diversis

553 2006 796 2068 actibus
823 2051 842 2079 ,
883 2024 1032 2066 nam
1075 2005 1254 2066 aliter
1291 2010 1386 2066 est
1420 2003 1632 2067 debita
1671 2003 1800 2064 Deo
1831 2000 2113 2063 adoratio

554 2117 744 2179 quam
807 2099 1066 2180 imagini
1129 2099 1292 2178 ejus.
1369 2097 1784 2159 Nihilominus
1849 2100 2065 2156 tamen
2091 2137 2111 2167 ,

554 2191 842 2272 quamvis
872 2193 1004 2254 hoee
1033 2189 1362 2254 diversitas
1389 2190 1468 2251 sit
1497 2189 1562 2250 in
1595 2189 1735 2270 ipso
1767 2205 1902 2249 esse
1933 2195 2117 2247 natu·-

553 2285 668 2347 rali
701 2291 766 2346 et
794 2285 1020 2348 morali
1053 2284 1268 2346 talium
1305 2289 1563 2345 actuum
1587 2327 1604 2356 ,
1649 2279 2117 2361 quodammodo

555 2379 678 2442 dici
707 2385 974 2458 possunt
1009 2377 1246 2439 habere
1276 2375 1620 2455 quamdam
1647 2375 1951 2436 unitatem
1982 2389 2120 2434 mo-

553 2471 773 2544 ralem,
805 2477 1118 2551 quatenus
1145 2487 1314 2531 unus
1337 2487 1418 2531 ex
1443 2469 1566 2530 alio
1595 2466 2021 2545 consequitur,
2054 2471 2119 2527 et

555 2581 671 2644 per
713 2571 1048 2644 utrumque
1098 2563 1376 2626 tenditur
1431 2562 1516 2625 ad
1573 2559 1951 2640 completam
2008 2557 2116 2620 Dei

557 2659 1014 2731 adorationem,
1039 2664 1172 2722 tam
1195 2658 1260 2718 in
1281 2675 1352 2719 se
1375 2673 1568 2734 quam
1591 2657 1658 2716 in
1677 2671 1792 2716 sua
1813 2652 2113 2733 imagine,

553 2751 654 2814 vel
699 2752 762 2814 in
813 2751 1093 2832 qualibet
1142 2751 1270 2813 alia
1309 2769 1380 2814 re
1425 2767 1628 2812 sacra.
1675 2749 1848 2812 Sicut
1891 2747 2116 2808 electio

555 2863 714 2925 pura
743 2845 810 2906 in
837 2863 910 2907 re
937 2844 1192 2924 quidem
1223 2843 1551 2906 distinctus
1581 2850 1761 2904 actus
1789 2847 1886 2904 est
1909 2840 1993 2902 ab
2020 2840 2120 2900 in-

555 2939 858 3011 tentione,
893 2944 958 3001 et
983 2938 1334 3001 distinctam
1365 2936 1556 3000 hahet
1580 2936 1951 3010 bonitatem,
1990 2933 2117 2996 imo

557 3038 624 3094 et
659 3031 1024 3094 distinctum
1069 3031 1386 3105 meritum,
1441 3035 1504 3092 et
1545 3028 1955 3090 nihilominus
1994 3025 2115 3090 dici

554 3127 817 3206 possunt
867 3123 1184 3204 complere
1235 3123 1556 3184 moraliter
1609 3137 1807 3183 unum
1857 3126 2065 3184 actum
2094 3162 2115 3194 ‚

557 3217 708 3299 quia
751 3217 1070 3297 complent
1113 3235 1310 3278 unum
1348 3216 1732 3279 tendentium
1756 3260 1773 3287 ‚
1811 3221 1875 3277 et
1921 3231 2117 3276 unum

555 3310 903 3392 perfectum
931 3317 1172 3374 motum
1201 3310 1265 3370 in
1295 3307 1510 3372 tinem.
1549 3311 1618 3371 In
1647 3309 1767 3370 hoc
1797 3325 1951 3388 ergo
1979 3325 2119 3370 sen-

555 3423 630 3467 su
659 3405 780 3467 dici
808 3410 1072 3484 possunt
1109 3403 1198 3466 illi
1228 3409 1406 3465 actus
1441 3403 1678 3466 habere
1719 3404 2023 3466 unitatem
2051 3403 2118 3464 in

555 3515 694 3562 esse
731 3499 919 3560 moris
940 3545 959 3573 ‚
1011 3499 1096 3560 ita
1125 3505 1196 3561 ut
1233 3498 1341 3561 illa
1371 3497 1810 3560 determinatio
1835 3542 1855 3572 ,
1899 3497 1970 3560 in
1996 3514 2121 3561 esse

553 3592 768 3665 moris,
797 3591 985 3654 eadat
1009 3593 1224 3672 potius
1249 3593 1314 3653 in
1343 3591 1649 3654 unitatem
1677 3591 2000 3653 iuventam
2028 3589 2122 3651 in-

555 3692 654 3750 ter
679 3685 840 3750 tales
875 3693 1054 3748 actus
1083 3733 1096 3760 ,
1145 3703 1288 3766 quas
1325 3691 1424 3746 est
1457 3683 1636 3765 quasi
1669 3682 1991 3746 collectiva
2018 3681 2121 3744 vel

556 3779 922 3860 respectiva,
967 3797 1158 3858 quam
1203 3779 1268 3840 in
1308 3778 1522 3858 aliquo
1573 3795 1714 3840 esse
1751 3777 2116 3851 intrinsece,

556 3871 726 3955 quod
753 3873 836 3936 sit
856 3871 1025 3935 idem
1047 3873 1148 3935 vel
1171 3871 1459 3953 ejusdem
1485 3872 1746 3935 rationis
1767 3870 1830 3932 in
1851 3877 2119 3950 utroque

564 3973 726 4029 actu.

637 4063 740 4124 24.
785 4061 958 4126 Idem
998 4059 1240 4125 habitas
1265 4062 1348 4124 ad
1381 4059 1745 4140 exemplaris
1793 4064 1848 4124 et
1895 4056 2122 4138 imam·-

556 4155 656 4219 m's
699 4153 1112 4220 adorationem
1155 4153 1438 4218 inclinat.
1464 4183 1548 4202 -
1585 4152 1964 4215 Addendum
2018 4168 2123 4210 ve-

562 4263 634 4309 ro
685 4244 944 4308 ulterius
973 4251 1092 4320 est,
1121 4244 1480 4325 hujusmodi
1532 4250 1743 4308 actum
1801 4243 2122 4305 adoratio-

557 4339 657 4402 nis
707 4337 872 4400 circa
909 4337 1291 4418 imaginem,
1345 4337 1426 4399 ad
1473 4337 1768 4399 eumdem
1831 4335 2123 4400 habitum

559 4431 800 4494 virtutis
829 4431 1164 4510 pertinere,
1198 4431 1278 4492 ad
1307 4447 1497 4510 quem
1527 4431 1804 4512 pertinet
1833 4431 1993 4492 alter
2019 4447 2124 4494 ae-

559 4534 662 4589 tus
703 4542 828 4604 quo
871 4523 1170 4586 adoratur
1199 4524 1404 4604 ipsum
1447 4524 1770 4605 exemplar
1810 4524 1876 4585 in
1911 4541 2018 4600 se,
2060 4529 2123 4585 et

557 4625 818 4700 propter
845 4635 953 4690 se;
994 4617 1114 4679 sub
1142 4635 1268 4698 qua
1295 4618 1798 4680 consideratione
1825 4617 1946 4680 diei
1977 4635 2125 4698 pos-

561 4719 708 4774 sunt
747 4711 834 4775 illi
871 4719 1048 4774 actus
1075 4710 1310 4772 habere
1343 4711 1646 4774 unitatem
1685 4710 2023 4792 quamdam
2058 4712 2121 4772 in

561 4805 782 4868 ordine
807 4805 890 4867 ad
915 4805 1217 4867 habitum.
1243 4803 1426 4866 Ratio
1449 4812 1565 4882 est,
1589 4805 1736 4885 quia
1763 4811 2029 4884 uterque
2055 4803 2123 4865 il-

560 4899 766 4961 lorum
795 4904 1050 4960 actuum
1075 4895 1376 4958 fundatur
1413 4896 1478 4958 in
1519 4915 1648 4958 una
1675 4905 1738 4960 et
1765 4897 1991 4960 eadem
2018 4913 2125 4959 ex-

563 4990 852 5054 cellentia
886 4990 1238 5072 prototypi3
1278 4990 1550 5071 pertinet
1585 4996 1795 5052 autem
1834 4990 1915 5051 ad
1956 5007 2125 5051 eam-

561 5084 707 5148 dem
729 5084 1022 5146 virtutem
1041 5127 1058 5158 ‚
1109 5100 1250 5163 quae
1282 5083 1583 5163 primario
1611 5083 1872 5145 incl1nat
1897 5083 1981 5144 ad
2014 5085 2125 5146 ho·

562 5177 914 5240 norandam
979 5193 1317 5256 personam
1377 5177 1788 5240 excellentem
1816 5223 1837 5254 ‚
1901 5195 2125 5239 conse-

563 5277 828 5350 quenter
865 5271 1054 5333 etiam
1091 5268 1394 5332 inclinare
1441 5271 1522 5333 ad
1562 5277 1929 5334 reverenter
1965 5276 2125 5332 trac-

563 5364 818 5436 tandam
843 5363 1187 5446 imaginem
1217 5363 1356 5425 talis
1381 5381 1667 5446 personae
1695 5385 1711 5441 ;
1763 5371 1826 5428 et
1849 5363 2017 5440 ideo,
2045 5364 2127 5425 ti-

566 5463 666 5521 cet
689 5463 864 5520 actus
883 5458 1008 5520 sint
1031 5456 1282 5534 diversi,
1309 5459 1682 5543 principium
1704 5465 1922 5523 tamen
1945 5463 2009 5522 et
2030 5475 2126 5521 ra-

1729 313 1986 380 [munst.
2022 309 2173 362 XXV.
2211 309 2410 362 Antist.
2450 309 2530 362 itt.

2182 407 2285 470 dix
2316 406 2641 488 utriusque
2666 452 2686 484 ,
2730 405 2930 488 qualis
2958 413 3057 469 est
3084 405 3319 473 habitus
3338 457 3354 485 ,
3395 415 3521 482 idem
3543 437 3615 490 cst.

2182 502 2353 564 Siout
2398 519 2588 582 supra
2619 500 2985 563 dicebamus
3012 501 3093 562 de
3120 509 3254 563 actu
3282 521 3391 583 quo
3414 512 3621 584 adoratur

2182 597 2543 657 humanitas
2568 595 2793 657 Christi
2822 593 3080 674 proecise
3106 607 3417 678 concepta,
3449 619 3623 689 propter

2183 689 2641 771 hypostaticam
2666 687 3009 760 unionem:
3045 694 3110 750 et
3126 687 3287 751 idem
3310 701 3392 756 est
3411 695 3474 759 de
3492 701 3627 768 inten-

2182 785 2357 847 tione
2386 789 2447 845 et
2474 782 2785 845 electione
2812 801 2831 852 ς
2874 799 3025 843 nam
3048 782 3237 844 virtus
3258 830 3273 858 ‚
3306 805 3426 866 quae
3446 793 3627 864 inclinat

2186 877 2267 940 ad
2284 875 2741 940 intendendum
2766 875 3036 954 aliquem
3058 873 3246 938 finem
3264 877 3555 963 honestum,
3570 893 3630 953 in.

2186 971 2375 1034 clinat
2402 971 2592 1032 etiam
2618 969 2699 1030 ad
2721 967 3015 1047 eligenda
3042 967 3239 1031 media
3262 971 3459 1050 quibus
3478 988 3545 1042 est
3564 987 3631 1046 ob.

2184 1063 2502 1128 tinenduS.
2534 1063 2611 1124 Et
2635 1061 2857 1123 eadem
2884 1063 3149 1140 ratione,
3170 1063 3333 1142 juxta
3356 1074 3633 1140 sententiam

2190 1157 2579 1238 gravioribus
2628 1155 2964 1236 Theologis
3012 1157 3352 1238 probatam,
3394 1167 3447 1225 et
3480 1165 3634 1233 divinis

2188 1251 2412 1314 litteris
2437 1267 2511 1313 ac
2534 1249 2823 1312 Patribus
2848 1257 3346 1329 consentaneam,
3370 1256 3543 1320 eadem
3557 1263 3637 1324 vir.

2191 1350 2291 1408 tus
2330 1344 2677 1416 charitatis,
2722 1361 2864 1422 quae
2902 1341 3106 1423 diligit
3139 1343 3327 1407 Deum
3357 1359 3561 1430 propter
3580 1375 3637 1426 se,

2194 1438 2393 1520 diligit
2415 1437 2767 1518 proximum
2794 1445 3055 1518 propter
3080 1439 3290 1502 Deum.
3330 1441 3416 1502 Ita
3438 1461 3553 1526 ergo
3573 1467 3641 1510 ea.

2194 1532 2341 1596 dem
2368 1533 2565 1594 virtus
2592 1531 2739 1594 colit
2766 1531 3091 1612 exemplar
3116 1539 3357 1614 propter
3374 1554 3453 1602 se.
3482 1546 3529 1602 et
3546 1541 3644 1605 ima-

2196 1629 2405 1708 ginem
2433 1632 2691 1707 propter
2718 1626 3084 1707 exemplam
3126 1645 3270 1688 nam
3289 1673 3306 1701 ‚
3335 1635 3399 1690 ut
3420 1629 3541 1693 dixit
3558 1634 3645 1698 Vlll

2192 1721 2523 1802 Synodus,
2572 1737 2714 1782 can.
2748 1723 2787 1783 3
2826 1738 2842 1782 t
2888 1721 3155 1801 Propter
3196 1723 3476 1799 morem,
3510 1729 3651 1806 quiad

2187 1814 2565 1898 principalia
2586 1814 2727 1897 ipsa
2749 1817 3037 1892 rem-tur,
3065 1817 3243 1878 etiam
3260 1817 3537 1883 doeivatz've
3550 1821 3651 1886 ima-

2192 1911 2365 1992 qinec
2392 1911 2767 1972 honorantur
2791 1913 2849 1971 ot
2873 1907 3214 1973 adorantur
3231 1955 3247 1985 ,
3289 1913 3355 1973 ut
3377 1907 3651 1978 Sanctmm

2194 2003 2673 2085 Evanqeziorum
2695 2017 2867 2066 sacer
2883 2001 3065 2076 libor,
3090 2007 3260 2084 atque
3276 2007 3437 2084 typus
3452 2009 3653 2084 pretim

2199 2097 2438 2162 erucis.

2276 2195 2377 2254 25.
2424 2191 2805 2273 Proponitur
2828 2189 3099 2272 objectio.
3148 2223 3226 2238 —
3270 2189 3511 2255 Solvitur
3531 2195 3653 2272 objec-

2198 2287 2306 2349 tio.
2337 2317 2419 2333 -
2446 2285 2625 2347 Dices
2658 2303 2673 2346 ε
2714 2301 2866 2365 ergo
2909 2283 3046 2345 haec
3088 2281 3391 2354 adoratio,
3428 2293 3652 2365 quatenus

2197 2386 2481 2443 versatur
2508 2380 2671 2441 circa
2698 2377 3047 2458 imaginem
3074 2377 3183 2439 Dei
3211 2423 3227 2450 ‚
3261 2379 3369 2440 erit
3388 2385 3529 2440 actus
3544 2381 3655 2442 elici·

2196 2477 2300 2536 tus
2327 2492 2365 2534 a
2389 2472 2641 2553 propria
2668 2472 2896 2535 virtute
2923 2471 3253 2552 religionis
3282 2489 3299 2543 ς
3346 2471 3447 2533 erit
3468 2490 3580 2554 ergo
3598 2473 3655 2535 la·

2196 2567 2350 2639 tria;
2390 2582 2537 2626 nam
2564 2563 2743 2626 latria
2778 2571 2839 2626 et
2866 2562 3095 2646 religio
3120 2563 3284 2625 idem
3312 2571 3471 2640 sunt,
3494 2571 3548 2626 ut
3566 2583 3657 2626 sen·

2197 2659 2270 2722 tit
2299 2658 2371 2722 D.
2396 2659 2619 2720 Thom.
2652 2661 2714 2721 2.
2746 2661 2815 2742 2,
2836 2676 2898 2738 q.
2932 2659 3040 2735 84,
3070 2663 3187 2720 art.
3218 2659 3277 2718 t.
3303 2655 3650 2736 Respondetur.

2198 2753 2317 2815 hoc
2358 2751 2563 2814 solum
2598 2769 2789 2832 posse
2826 2751 2907 2814 ad
2937 2749 3203 2813 modum
3244 2750 3511 2830 loquendi
3536 2753 3651 2830 perti·

2196 2865 2373 2909 nere.
2418 2847 2557 2906 Vox
2586 2845 2756 2908 enim
2786 2845 2983 2921 latria
3011 2843 3327 2906 interdum
3352 2843 3570 2905 sumitur
3587 2861 3657 2922 pro
3763 2867 3764 2872 ¹

2200 2939 2419 3001 habitu
2459 2938 2799 3018 religionis,
2840 2943 2911 3000 ut
2935 2935 3115 3018 apud
3148 2939 3221 2998 D.
3262 2936 3464 2998 Thom.
3496 2953 3656 3014 supi-zu

2197 3031 2513 3096 interdurn
2536 3049 2685 3094 vero
2707 3049 2821 3112 pro
2843 3038 2991 3093 actu
3017 3029 3290 3109 quodam
3318 3027 3533 3110 speciali
3548 3027 3660 3088 illius

2198 3127 2443 3189 virtutis
2472 3172 2488 3201 ,
2531 3127 2890 3188 continente
2920 3141 3284 3204 supremam
3320 3122 3660 3194 reverentiam,

2200 3227 2263 3282 et
2298 3219 2794 3299 recognitionem
2822 3212 3141 3300 supre‘mse
3167 3214 3511 3278 excellentiis
3534 3213 3662 3276 abso-

2198 3314 2330 3376 lute
2358 3317 2420 3374 et
2447 3312 2831 3393 simpliciter,
2869 3320 2940 3374 ut
2965 3317 3216 3376 constat
3244 3327 3316 3371 ex
3338 3309 3434 3370 vn
3460 3307 3662 3386 Synodo.

2200 3407 2307 3468 ubi
2336 3424 2501 3486 saepe
2525 3405 2879 3486 appellatur
2900 3405 3043 3467 haec
3071 3403 3247 3465 latria
3264 3448 3282 3479 ‚
3308 3401 3501 3485 qmfit
3516 3403 3568 3462 in
3584 3401 3668 3480 spi·

2198 3503 2334 3566 ritu
2362 3505 2419 3563 et
2444 3501 2723 3564 veritato.
2762 3501 2833 3562 In
2858 3499 2981 3561 hoc
3012 3515 3167 3578 ergo
3193 3495 3491 3575 posteriori
3514 3511 3665 3560 sensu.

2202 3593 2266 3655 in
2292 3609 2419 3671 quo
2442 3592 2785 3654 Concilium
2812 3592 3117 3672 loquitur,
3144 3607 3269 3652 non
3288 3588 3532 3666 sequitur
3546 3585 3668 3646 illum

2202 3691 2411 3748 actum
2438 3701 2577 3746 esse
2599 3685 3037 3747 adorationem
3058 3683 3281 3758 latriae,
3306 3680 3437 3761 quia
3452 3679 3585 3740 idem
3597 3676 3671 3738 ha-

2200 3779 2367 3841 bitus
2394 3784 2599 3858 potest
2620 3779 2855 3841 habere
2879 3783 3059 3841 actus
3082 3777 3283 3856 magis
3306 3782 3364 3837 et
3386 3773 3558 3834 minus
3574 3787 3671 3850 per-

2200 3872 2419 3935 fectos·
2473 3873 2663 3934 Juxta
2700 3872 2975 3953 priorem
3006 3877 3219 3934 autem
3246 3865 3671 3950 significationem

2202 3966 2464 4029 concedi
2487 3971 2715 4046 potest,
2748 3966 2923 4029 illum
2942 3971 3157 4029 actum
3181 3981 3313 4026 esse
3332 3959 3673 4024 adorationem

2202 4059 2424 4138 latriae,
2466 4077 2594 4122 non
2626 4058 2802 4138 quod
2826 4058 2967 4141 ipsa
3000 4057 3280 4122 adoratio
3316 4057 3389 4118 sit
3412 4053 3574 4126 latria,
3597 4049 3675 4110 sed

2205 4153 2377 4234 quod
2430 4153 2511 4216 sit
2540 4171 2578 4216 a
2602 4154 2908 4236 religione
2943 4171 3056 4216 seu
3088 4150 3291 4225 latria,
3317 4149 3377 4211 id
3400 4153 3501 4218 est,
3530 4142 3677 4206 elicita

2204 4265 2313 4309 seu
2360 4247 2583 4310 effecta
2623 4247 2705 4310 ab
2748 4246 2965 4311 habitu
3000 4245 3226 4309 latriae.
3276 4245 3347 4304 Et
3378 4243 3529 4322 juxta
3558 4239 3676 4297 hunc

2204 4340 2502 4422 loquendi
2542 4341 2825 4417 modum,
2865 4337 3205 4402 dicendum
3240 4343 3330 4399 est
3360 4339 3511 4396 actus
3534 4329 3677 4391 latria

2206 4453 2345 4497 esse
2367 4434 2594 4510 varios,
2624 4439 2686 4496 et
2704 4434 3099 4496 diversarum
3122 4430 3441 4500 rationum,
3465 4431 3517 4487 et
3534 4438 3677 4483 unum

2204 4546 2343 4590 esse
2380 4529 2501 4590 alio
2535 4527 3019 4609 perfectiorem3
3071 4534 3135 4589 et
3174 4525 3291 4587 hoe
3333 4519 3679 4602 significarunt

2204 4622 2512 4693 doctores,
2548 4621 2653 4699 qui
2684 4621 2849 4683 hanc
2878 4619 3312 4683 adorationem
3339 4615 3593 4678 vocarunt
3614 4608 3679 4667 la·

2201 4713 2385 4792 triam
2426 4714 2811 4788 inferiorem,
2857 4732 2973 4777 sen
3018 4712 3357 4776 secundum
3401 4704 3567 4787 quid3
3602 4698 3677 4760 alii

2203 4811 2415 4869 autem
2442 4813 2746 4869 vocarunt
2774 4805 2947 4868 illum
2980 4813 3187 4870 actum
3217 4805 3430 4868 duliam
3450 4845 3467 4875 ‚
3500 4813 3603 4858 non
3627 4809 3677 4852 Μ

2203 4899 2460 4981 speciali
2480 4898 2931 4981 significatione
2954 4918 3079 4982 qua
3103 4897 3372 4962 adoratio
3392 4889 3591 4956 Sanctis
3605 4885 3679 4946 de-

2202 4993 2352 5068 hita,
2389 4997 2451 5055 et
2474 4991 2732 5055 fundata
2756 4993 2821 5054 in
2849 5001 3063 5057 creata
3088 4989 3457 5059 excellentia,
3484 4985 3678 5043 vocatur

2204 5085 2397 5158 dulia,
2426 5087 2539 5148 sed
2565 5105 2641 5147 ea
2668 5087 3123 5166 significatione
3155 5101 3278 5163 qua
3308 5077 3489 5141 omnis
3510 5073 3677 5134 adora·

2204 5178 2313 5252 tio,
2346 5197 2487 5260 quae
2527 5196 2655 5240 non
2696 5180 2943 5261 attingit
2976 5177 3411 5259 perfectionem
3436 5177 3676 5265 supreme

2208 5276 2271 5333 et
2304 5273 2568 5352 propriae
2594 5271 2815 5350 latriae,
2860 5273 3029 5338 dulia
3058 5271 3213 5332 solet
3237 5261 3530 5347 appellari,
3560 5262 3611 5316 ¹¹2
3630 5269 3676 5311 ¹¹¹

2206 5365 2635 5445 superioribus
2664 5367 3075 5447 explicuimus
3097 5415 3111 5440 ‚
3148 5356 3453 5427 tractando
3478 5351 3543 5415 de
3563 5345 3673 5411 ado·

2206 5459 2449 5524 ratione
2480 5459 2885 5525 humanitatis
2912 5458 3156 5526 Christi.
3188 5455 3282 5532 Et,
3321 5446 3575 5534 quoniam
3594 5435 3673 5500 Vll
