3892 6167
1433 325 1753 380 NSPUTAT.
1789 325 1890 380 Lu.
1926 325 2097 380 SECT.
2133 326 2194 378 ll.

3300 323 3419 382 567

159 425 588 505 praec-edenti
632 424 885 499 citatos,
917 423 1376 502 distinguentes
1423 427 1660 488 cultum
1715 426 1780 488 in
1862 425 2023 490 illos.
2058 424 2235 488 Unde
2266 424 2711 504 Hieronymus,
2732 423 2899 490 dicta
2924 425 3105 504 epist.
3137 427 3216 488 ad
3240 429 3421 508 Ripa-

155 516 574 596 religiosum
608 521 672 580 et
701 518 1040 598 politicum.
1075 517 1200 580 Sed
1235 517 1316 580 de
1366 517 1485 580 hac
1533 527 1778 601 postre-

163 629 324 678 ma.
379 611 668 674 sectione
719 611 1006 688 sequenti
1057 611 1364 673 dicemus
1403 614 1494 674 De
1524 613 1775 676 duabus

165 711 422 766 autem
457 705 678 784 primis
701 705 876 766 nulla
909 705 1184 767 occurrit
1208 706 1580 785 explicanda
1608 707 1772 771 diffi-

169 799 436 869 cultas,
463 797 614 877 quia
637 803 878 860 certum
903 803 1000 860 est
1023 798 1290 860 sanctos
1317 805 1382 862 et
1411 801 1688 864 interiori
1711 807 1773 864 et

173 891 509 954 exteriori
559 890 734 954 cultu
791 889 1092 954 honorari
1141 909 1350 970 posse.
1399 894 1565 956 Sunt
1603 894 1772 956 enim

172 985 472 1063 spirit-us
511 985 622 1062 qui
667 984 734 1048 in
782 985 911 1046 Deo
957 985 1096 1064 ipso
1129 985 1344 1050 vident
1383 1005 1524 1066 quoe
1553 987 1634 1050 ad
1663 1007 1774 1050 eos

172 1078 638 1156 pertinent,.et
661 1077 804 1141 ideo
827 1077 1256 1157 spiritualibus
1278 1081 1502 1142 mentis
1525 1081 1771 1142 actibus

175 1173 320 1232 coli
379 1181 665 1252 possunt,
699 1173 858 1234 sicut
885 1180 950 1235 et
985 1173 1150 1234 orari
1203 1180 1262 1236 et
1305 1175 1620 1262 invocari3
1655 1193 1770 1236 nos

173 1283 384 1336 vero,
411 1266 564 1343 quia
591 1267 952 1345 corporales
999 1285 1240 1340 sumus,
1271 1269 1458 1330 etiam
1489 1269 1770 1346 corporis

175 1360 456 1422 actibus
499 1378 836 1438 possumus
885 1370 1168 1424 nostrum
1217 1363 1514 1426 affectum
1567 1371 1770 1424 exter-

177 1469 360 1514 num
393 1452 694 1526 indicare,
723 1460 784 1518 et
823 1454 966 1518 ideo
997 1459 1272 1518 externis
1299 1455 1492 1518 etiam
1527 1456 1769 1518 actibus

181 1564 550 1626 possumus
571 1547 713 1610 illos
763 1547 1054 1624 adorare,
1095 1555 1163 1610 ut
1209 1551 1580 1614 Sanctorum
1639 1568 1770 1612 om·

184 1642 388 1704 nium
417 1647 481 1704 et
508 1643 696 1706 totius
735 1643 1024 1706 Ecclesiae
1076 1663 1228 1706 usus
1277 1645 1428 1706 satis
1473 1645 1768 1708 demons-

191 1740 353 1809 trat,
385 1741 460 1798 ut
487 1736 674 1798 etiam
713 1736 778 1797 in
829 1738 1118 1815 sequenti
1149 1739 1427 1800 sectione
1465 1738 1766 1812 dicemus,

195 1837 266 1890 et
307 1828 502 1892 latius
539 1829 702 1893 infra
747 1829 830 1892 de
879 1829 1260 1910 imaginibus
1289 1831 1460 1894 etde
1491 1831 1770 1910 reliquiis

197 1921 612 2001 disputando.
633 1923 874 1986 Deinde
893 1932 1131 1986 certum
1151 1931 1246 1987 est
1269 1925 1431 1986 hanc
1455 1925 1770 1988 adoratio·

193 2031 384 2085 nem,
408 2034 603 2094 qnam
628 2017 876 2084 Sanctis
899 2016 1294 2079 tribuendam
1321 2017 1612 2093 dicimus,
1638 2035 1766 2079 non

190 2127 346 2170 esse
373 2109 548 2171 illam
581 2128 888 2171 summam
919 2128 1060 2190 quae
1088 2111 1205 2172 soli
1237 2113 1366 2172 Deo
1392 2112 1686 2184 debetur,
1705 2118 1769 2172 et

189 2202 390 2266 latria
413 2203 794 2266 nominatur.
823 2203 998 2276 Quod
1027 2205 1391 2282 simpliciter
1413 2211 1504 2268 est
1532 2205 1612 2268 de
1641 2205 1766 2268 fide

193 2303 474 2366 certum,
498 2303 568 2358 nt
596 2297 748 2358 satis
773 2303 1023 2360 constat
1041 2316 1119 2360 ex
1141 2297 1324 2360 dictis
1343 2298 1766 2378 disputatione

192 2389 609 2469 praecedenti,
641 2397 706 2454 et
745 2391 810 2452 in
853 2390 978 2454 flue
1009 2391 1420 2470 praecedentis
1450 2392 1762 2456 sectionis,

193 2485 281 2546 Et
305 2485 470 2546 ratio
491 2488 590 2546 est
617 2469 810 2562 clara,
838 2487 986 2565 quia
1005 2486 1374 2548 excellentia
1397 2487 1768 2551 Sanctorum

193 2577 398 2657 longe
423 2577 686 2640 inferior
715 2584 810 2642 est
838 2596 1028 2658 quam
1053 2579 1288 2640 divina.

281 2674 346 2734 2.
391 2672 472 2734 Ut
495 2679 710 2734 tamen
743 2671 866 2734 hoc
891 2673 1118 2734 melius
1141 2672 1546 2748 intelligatur,
1587 2691 1774 2753 opor-

193 2772 293 2826 tet
319 2765 402 2826 de
429 2766 616 2828 tertia
645 2766 749 2827 illa
789 2766 1094 2828 divisione
1121 2766 1410 2829 nonnihil
1437 2768 1669 2841 dicere,
1693 2769 1800 2842 si-,

193 2859 465 2938 mulque
501 2859 810 2940 explicare
845 2879 986 2941 quae
1033 2862 1114 2924 sit
1137 2863 1420 2941 proxima
1461 2864 1622 2925 ratio
1655 2883 1769 2925 seu

193 2954 574 3016 excellentia
603 2961 858 3035 propter
887 2973 1076 3034 quam
1097 2956 1308 3018 Sancti
1333 2976 1370 3018 a
1401 2958 1584 3020 nobis
1613 2958 1766 3020 ado-

195 3053 450 3119 rantur,
511 3065 592 3108 an
647 3048 914 3122 seilicet,
970 3050 1050 3111 sit
1113 3049 1324 3126 aliqua
1393 3051 1765 3113 excellentia

197 3147 444 3214 creata,
468 3141 564 3204 vel
588 3142 1074 3221 potiusipsamet
1093 3143 1464 3204 excellentia
1485 3146 1765 3208 increata

197 3233 338 3294 Dei.
371 3233 446 3296 Et
471 3235 633 3296 ratio
663 3234 994 3296 dubitandi
1019 3242 1138 3306 est,
1169 3235 1317 3313 quia
1356 3235 1565 3299 Sancti
1596 3257 1764 3318 soepe

199 3327 328 3388 hoc
353 3327 681 3406 posteriori
711 3329 898 3390 modo
921 3327 1085 3390 hanc
1127 3329 1499 3391 Sanctorum
1537 3329 1766 3392 adora-

197 3421 436 3482 tionem
491 3421 806 3500 explicare
855 3423 1168 3495 videntur,
1219 3431 1288 3484 ut
1314 3430 1488 3502 patet
1535 3443 1612 3484 ex
1661 3426 1768 3486 vlt

201 3514 472 3593 synod„
506 3520 624 3578 act.
677 3519 742 3591 4,
791 3523 932 3596 post
961 3517 1158 3590 med„
1188 3516 1296 3578 ubi
1343 3516 1432 3577 sic
1475 3517 1766 3580 Leontius

199 3608 519 3686 loquitur:
579 3607 844 3674 Sancto-5
870 3627 1225 3674 veneramur
1251 3616 1322 3674 ut
1356 3612 1582 3676 amicos
1624 3613 1762 3686 Dei,

201 3706 265 3766 et
293 3703 498 3777 honor,
515 3705 618 3783 qui
649 3701 908 3766 Sanctis
932 3705 1328 3784 impenditur,
1363 3705 1434 3767 in.
1460 3704 1652 3768 Deum
1675 3724 1765 3770 re·

203 3795 421 3868 currit,
447 3803 502 3858 ot
529 3795 633 3876 qm·
667 3797 980 3875 Martyres
1007 3797 1176 3870 colit,
1215 3797 1401 3860 Deum
1431 3797 1630 3879 ipsum
1675 3816 1765 3860 co·

201 3888 308 3950 lit.
337 3886 484 3964 Quae.
509 3888 702 3950 verba
729 3887 812 3949 ab
840 3889 1132 3949 omnibus
1175 3889 1462 3951 Patribus
1503 3891 1764 3954 Consilii

205 3981 648 4059 suscipiuntur.
700 3983 800 4043 Sic
827 3983 1086 4058 Athen„
1139 3982 1251 4043 lib.
1307 3983 1388 4044 de
1442 3984 1759 4062 virginit„

203 4074 367 4136 circa
386 4073 578 4138 finem
601 4092 618 4138 :
645 4073 728 4140 Sa·
755 4076 948 4148 homo,
969 4075 1196 4152 inquit,
1207 4078 1423 4156 justus
1451 4078 1604 4140 cedes
1623 4085 1764 4142 tuas

204 4169 552 4240 intraverit,
607 4186 741 4230 oum
789 4169 1004 4232 timore
1040 4176 1098 4234 et
1141 4176 1394 4234 tremore
1445 4187 1762 4235 occurrens

206 4261 334 4330 ini,
357 4261 636 4324 adorabis
667 4261 838 4324 humi
869 4263 952 4324 ad
975 4264 1150 4342 pedes
1195 4263 1394 4337 iuius,
1439 4281 1562 4326 non
1603 4267 1758 4326 enim

207 4372 360 4426 enm,
386 4354 492 4416 red
513 4356 702 4416 Deum
734 4355 1036 4425 adorabis,
1065 4357 1174 4436 qui
1212 4356 1390 4418 illum
1423 4358 1635 4420 ouini&
1685 4359 1758 4420 Et

207 4447 418 4521 Basil,
449 4455 606 4509 orat.
639 4448 704 4510 in
733 4451 818 4512 40
844 4450 1190 4530 Martyres:
1239 4452 1480 4524 Houor,
1529 4451 1755 4531 inquit,

206 4559 372 4623 quem
411 4541 573 4605 bonis
615 4546 918 4606 conservis
949 4543 1306 4616 exhibemus,
1349 4547 1759 4610 benevolencioe

207 4653 352 4712 crya
371 4653 722 4696 communem
753 4637 1054 4699 dominum
1083 4639 1580 4719 siqnificatiouem
1610 4641 1761 4702 dese

201 4729 440 4812 proebet.
472 4729 786 4802 Damaso„
817 4729 928 4790 lib.
957 4734 1022 4802 4,
1061 4748 1118 4792 c.
1152 4734 1268 4794 16:
1303 4733 1376 4793 Is
1407 4732 1614 4804 honor,
1661 4733 1757 4794 in-

1857 519 2024 582 rium
2049 537 2063 580 :
2089 521 2491 593 Hauon-emus,
2514 519 2735 599 inquit.
2760 537 2985 589 servos,
3008 527 3076 582 uc
3098 538 3296 584 eorum
3320 523 3420 584 Ιιο-

1853 631 1969 674 nor
1994 613 2279 676 redundet
2326 615 2407 676 ad
2434 614 2780 677 Dominum.
2834 613 2909 676 Et
2950 615 3197 689 Ambr.,
3223 633 3413 678 serm.

1855 709 1918 780 6,
1969 705 2029 768 in
2060 705 2219 769 fine:
2261 705 2549 786 Quisquis
2576 707 2831 768 honorat
2858 707 3199 786 Martyres,
3230 709 3417 772 Itono-

1855 805 1961 864 ναί
1990 804 2050 862 et
2086 799 2423 864 Chri-stum.
2466 800 2557 862 Ex
2591 799 2821 877 quibus
2857 817 3253 877 consequens
3281 799 3419 866 fieri

1857 893 2126 966 videtur,
2146 893 2309 956 hauc
2324 895 2695 956 Sanctorum
2720 893 3149 958 adorationem
3170 901 3417 958 tantum

1857 1005 1997 1048 esse
2026 989 2459 1066 respectivam,
2516 995 2734 1068 utpote
2784 987 2849 1050 in
2904 989 3251 1052 extrinseca
3305 990 3415 1052 Dei

1853 1080 2213 1144 excellentia
2229 1081 2581 1155 fundatam,
2606 1089 2795 1162 atque
2825 1083 2985 1146 adeo
3022 1083 3105 1146 ad
3127 1083 3417 1146 eamdem

1852 1174 2171 1255 religionis
2218 1177 2513 1238 virtutem
2570 1177 2920 1256 pertinere,
2964 1195 3273 1256 posseque
3320 1178 3414 1239 la-

1852 1268 2036 1330 triam
2089 1269 2414 1348 appellari.
2466 1269 2641 1332 Sicut
2688 1288 2867 1332 amor
2886 1316 2906 1347 ,
2960 1289 3086 1350 quo
3139 1270 3417 1350 diligitur

1851 1362 2175 1441 proximus
2206 1368 2463 1442 propter
2484 1364 2709 1435 Deum,
2736 1363 3121 1444 respectivus
3150 1364 3273 1428 dici
3301 1383 3415 1445 po-

1851 1461 1999 1530 test,
2034 1461 2099 1518 et
2126 1473 2203 1518 cx
2228 1455 2529 1517 charitate
2561 1456 2992 1536 proficiscitur.

1931 1551 1991 1610 3.
2037 1547 2330 1612 Adoratio
2360 1548 2725 1612 Sanctorum
2750 1549 3042 1622 absoluta,
3074 1555 3131 1612 et
3173 1549 3243 1614 in
3274 1569 3414 1630 pro-

1845 1643 1995 1723 pria
2020 1660 2225 1706 eorum
2254 1642 2604 1706 eoeosllentia
2642 1644 2933 1718 fundata.
2955 1675 3037 1688 —
3060 1642 3411 1706 Dicendum

1851 1735 2261 1798 nihilominus
2288 1741 2379 1798 est
2420 1734 2739 1816 propriam
2781 1741 2845 1796 et
2870 1735 3165 1797 usitatam
3192 1736 3417 1799 adora·—

1850 1827 2113 1896 tionem,
2146 1845 2273 1906 qua
2323 1828 2531 1890 Sancti
2586 1845 2625 1889 a
2667 1827 2851 1890 nobis
2876 1828 3239 1905 adorantur,
3275 1848 3413 1890 esse

1849 1919 2225 1993 absolutam,
2260 1920 2327 1980 in
2368 1926 2579 1984 creata
2606 1925 2670 1982 et
2694 1921 3059 1996 intrinseca,
3090 1929 3278 2002 atque
3306 1939 3414 1983 su-

1847 2012 2235 2092 pernaturali
2268 2013 2638 2076 excellentia
2675 2013 2927 2074 illorum
2958 2013 3238 2094 proxime
3270 2013 3411 2076 fun-

1849 2106 2085 2168 datam.
2112 2106 2257 2168 Haec
2287 2113 2384 2168 est
2404 2105 2757 2170 communis
2784 2108 3244 2188 Theologorum
3270 2127 3411 2174 sen-

1847 2199 2067 2270 tentia,
2095 2216 2237 2278 quae
2266 2217 2343 2262 ex
2372 2200 2445 2262 D.
2475 2199 2713 2264 Thema
2742 2201 2867 2275 hic,
2899 2207 3020 2263 art.
3053 2203 3111 2276 3,
3148 2203 3229 2266 ad
3258 2206 3321 2281 3,
3356 2211 3418 2268 et

1851 2299 1968 2356 art.
2000 2295 2063 2365 5,
2090 2293 2427 2373 colligitur,
2460 2297 2525 2356 et
2553 2293 2689 2354 aliis
2718 2293 3103 2370 doctoribus,
3136 2296 3197 2358 in
3240 2300 3300 2370 3,
3350 2297 3413 2358 d.

1850 2389 1914 2462 0,
1955 2385 2059 2450 ubi
2092 2387 2463 2456 Bonavent.,
2494 2391 2615 2448 art.
2654 2389 2711 2460 i,
2742 2405 2805 2466 q.
2838 2393 2916 2464 53
2947 2396 3111 2450 etex
3142 2389 3417 2452 Adriano

1851 2480 2041 2558 Papa,
2071 2479 2139 2542 in
2169 2479 2350 2560 epist.
2404 2479 2486 2542 ad
2534 2479 2854 2542 Constant.
2888 2487 2949 2543 et
2990 2483 3261 2560 stenem,
3304 2484 3416 2546 ubi

1851 2571 2077 2650 inquit,
2124 2571 2387 2637 Sanctos
2416 2591 2453 2634 a
2482 2573 2657 2636 nobis
2684 2577 2962 2636 venerari
2987 2582 3045 2640 et
3090 2576 3228 2647 coli,
3262 2581 3423 2660 quod

1851 2667 2013 2730 servi
2039 2667 2153 2728 Dei
2179 2666 2330 2741 sint,
2357 2671 2413 2728 ec
2440 2667 2606 2745 apud
2629 2665 2820 2728 Deum
2840 2686 2955 2746 pro
2978 2669 3146 2732 nobis
3168 2671 3419 2736 interce-

1852 2761 2025 2824 dant.
2054 2759 2231 2823 Unde
2258 2757 2609 2821 concludit:
2649 2761 2832 2824 Decet
2870 2779 2964 2850 eos
2993 2763 3177 2828 honor
3227 2771 3282 2828 et
3322 2784 3416 2830 te·

1849 2855 2081 2917 naratio
2103 2853 2681 2933 propter-justitiam
2702 2871 2903 2916 eorum
2920 2881 2947 2929 ,·
2977 2873 3118 2934 quae
3150 2859 3437 2936 epistola,

1848 2945 2121 3008 habetur
2146 2947 2213 3006 in
2242 2947 2348 3007 vll
2376 2945 2640 3025 Synod„
2670 2956 2791 3010 act.
2826 2951 2901 3020 23
2938 2949 3025 3010 sic
3065 2951 3252 3011 etiam
3295 2951 3417 3012 Eu-

1849 3040 2011 3115 seb.,
2033 3039 2142 3102 lib.
2179 3043 2255 3104 10
2278 3040 2357 3102 de
2389 3040 2685 3119 Prosper„
2708 3058 2764 3104 c.
2797 3045 2857 3111 7,
2878 3043 2964 3103 ait
2990 3061 3105 3104 nos
3126 3047 3411 3106 venerari

1849 3136 2137 3206 SanctOS,
2171 3142 2240 3195 uc
2266 3153 2423 3195 verce
2447 3137 2699 3213 paeetacis
2725 3135 2977 3213 milaces,
3007 3136 3235 3217 Deique
3256 3141 3413 3200 ami-

1849 3244 1983 3298 cos,·
2018 3227 2245 3304 quibus
2275 3226 2485 3288 verbis
2508 3226 2845 3289 intrinseca
2869 3237 2931 3290 et
2952 3238 3161 3293 creata
3188 3233 3411 3296 sancti-

1847 3325 1944 3380 tas
1976 3320 2249 3398 ipsorum
2279 3320 2649 3380 Sanctorum
2678 3319 3011 3394 indicatur,
3046 3332 3109 3384 et
3131 3324 3211 3385 ad
3237 3344 3413 3388 eum-

1849 3413 1992 3474 dem
2024 3412 2279 3474 modum
2304 3412 2648 3488 loquuntur
2672 3413 2979 3486 Damam..
3002 3417 3377 3482 Theodoret.
3394 3467 3408 3494 ,

1848 3509 2139 3588 August„
2175 3513 2237 3568 et
2282 3505 2386 3565 alii
2418 3506 2627 3567 Sancti
2679 3524 2865 3586 supra
2897 3509 3089 3571 citati.
3148 3512 3409 3575 Ratione

1847 3619 1999 3662 vero
2028 3600 2207 3662 facile
2236 3599 2403 3660 idem
2433 3598 2759 3678 probatur,
2792 3603 2939 3680 quia
2968 3604 3168 3682 gratia
3194 3612 3257 3664 et
3282 3607 3409 3684 glo-

1845 3697 1938 3756 ria
1964 3695 2336 3758 Sanctorum
2368 3699 2647 3754 creatum
2680 3695 2832 3772 quid
2854 3704 2971 3773 est,
3000 3699 3143 3775 ipsis
3169 3697 3410 3762 Sanctis

1843 3788 2179 3848 intrinsece
2232 3783 2567 3858 inhaerenS,
2616 3786 2913 3868 ipsosque
2964 3789 3027 3850 in
3080 3791 3410 3854 excellenti

1846 3881 2045 3961 gradu
2087 3878 2488 3960 perfectionis
2518 3887 2578 3942 et
2606 3883 2951 3948 sanctitatis
2978 3886 3402 3960 constituens3

1846 3993 1999 4054 ergo
2039 3975 2282 4036 ratione
2329 3973 2519 4053 huJus
2572 3976 2955 4038 excellentia}
3004 3986 3150 4039 sunt
3197 3979 3407 4042 Sancti

1844 4069 2019 4150 digni
2051 4071 2305 4149 propria
2336 4068 2703 4132 adoratione
2724 4117 2741 4142 ,
2771 4090 2911 4151 quae
2943 4071 3233 4135 absoluta
3258 4075 3408 4138 dici-

1842 4169 1968 4230 tur,
2000 4163 2147 4243 quia
2176 4180 2303 4224 non
2345 4165 2407 4222 in
2440 4163 2743 4227 relatione
2773 4165 2855 4230 ad
2900 4167 3135 4248 aliquid
3173 4170 3407 4230 extrin-

1842 4274 2084 4331 secum,
2110 4255 2219 4316 sed
2265 4256 2329 4316 in
2362 4255 2611 4336 propria
2640 4265 2703 4319 et
2730 4258 2977 4320 interna
3026 4264 3405 4341 perfectione

1837 4352 2139 4414 fundatur
2162 4395 2183 4426 ,
2221 4354 2289 4410 ut
2318 4351 2695 4430 explicatum
2722 4360 2838 4414 est.
2872 4354 2947 4416 Et
2974 4355 3111 4418 haec
3135 4362 3231 4418 est
3252 4356 3407 4420 ado-

1838 4445 2021 4510 ratio.
2039 4461 2231 4523 qnam
2254 4445 2511 4506 nomine
2537 4444 2721 4508 duliae
2740 4445 3083 4527 significari
3106 4447 3403 4528 diximus,

1839 4539 2261 4618 distinguique
2290 4557 2325 4598 a
2352 4539 2559 4612 latria,
2586 4540 2733 4616 quia
2764 4541 2829 4600 iu
2854 4543 3223 4607 excellentia
3248 4545 3401 4608 inte·

1837 4635 2022 4694 rioris
2055 4630 2456 4709 perfectionis
2488 4635 2767 4712 proxime
2790 4635 3115 4700 fundatur.

1917 4730 1981 4790 4.
2026 4727 2243 4789 Houor
2272 4723 2524 4790 Sanctis
2543 4728 2845 4793 eahta-cus
2873 4750 2982 4794 cur
3006 4734 3071 4794 in
3098 4733 3288 4796 Deum
3310 4753 3405 4798 re-

207 4823 362 4902 quit,
385 4821 488 4904 qui
513 4823 720 4904 probis
746 4825 1047 4888 conservis
1083 4824 1356 4899 habetur,
1390 4826 1646 4889 benevoli
1668 4845 1757 4888 er-
1831 4825 2055 4899 fircur.
2080 4851 2161 4866 —
2184 4821 2273 4880 Ex
2321 4837 2446 4896 quo
2496 4819 2865 4902 intelligitur
2913 4841 3053 4902 quoe
3103 4825 3183 4887 sit
3222 4843 3403 4890 mens

205 4933 288 4996 qa
299 4932 648 4977 communem
669 4915 972 4978 dominum
989 4915 1180 4979 animi
1194 4923 1612 4994 ornamentum
1629 4925 1715 4981 est
1728 4945 1753 4991 ;

206 5007 306 5070 illi
322 5024 457 5069 sane
480 5007 595 5070 Dei
616 5009 1046 5090 promptuaria
1065 5013 1124 5071 et
1144 5027 1307 5088 pura
1333 5011 1640 5074 domicilia
1659 5030 1755 5074 em·

208 5103 497 5171 ticerunt,·
527 5107 590 5162 et
635 5099 834 5162 infra:
881 5102 1044 5176 Quid
1066 5103 1266 5180 igitur
1293 5102 1510 5178 afferri
1533 5109 1750 5184 potest,

209 5196 350 5275 quin
373 5195 658 5258 animatis
683 5195 802 5258 Dei
840 5195 1102 5271 templis,
1132 5203 1186 5258 ec
1223 5195 1378 5258 vivis
1403 5195 1518 5260 Dei
1559 5198 1750 5261 taber·

209 5287 434 5350 uacuis
459 5287 648 5350 honor
679 5289 764 5352 sit
798 5289 1206 5352 adhibendus?
1236 5288 1556 5368 Significat
1600 5308 1751 5369 ergo

211 5377 450 5440 adorari
495 5380 756 5443 Sanctus
803 5388 867 5444 ut
907 5381 1146 5461 templa
1195 5382 1310 5444 Dei
1357 5383 1518 5457 viva,
1561 5388 1750 5461 atque

1839 4921 2201 4976 sanctorum
2229 4915 2481 4976 Pan-um
2511 4934 2671 4994 quos
2698 4917 2759 4977 in
2795 4917 3035 4980 ratione
3072 4918 3403 4984 dubitandi

1835 5007 2065 5070 adduxi
2090 5027 2107 5080 ;
2137 5026 2309 5083 nam,
2354 5009 2503 5088 quia
2552 5010 2686 5071 haec
2739 5011 3106 5076 excellentia
3150 5016 3402 5078 Sancto-

1839 5117 1977 5161 rum
2020 5101 2173 5162 nihil
2216 5101 2388 5162 aliud
2434 5108 2531 5164 est
2576 5121 2767 5181 quam
2820 5107 3207 5184 participatio
3239 5128 3407 5187 quae·

1835 5194 1981 5258 dam
2011 5195 2231 5260 divinae
2260 5200 2523 5269 naturae,
2566 5197 2839 5275 quodam
2882 5201 3069 5260 modo
3117 5200 3197 5262 ad
3246 5202 3403 5264 divi-

1835 5306 1985 5348 num
2008 5289 2293 5352 ordinem
2322 5290 2660 5369 pertinenS,
2685 5298 2873 5372 atque
2898 5292 2981 5354 ad
3000 5295 3111 5356 Dei
3130 5295 3401 5374 gloriam

1835 5399 1914 5444 ex
1941 5389 2169 5444 natura
2195 5401 2311 5446 sua
2336 5385 2605 5446 tendens
2626 5429 2644 5460 ,
2684 5385 2828 5450 ideo
2861 5387 3085 5462 honor,
3113 5387 3218 5468 qui
3248 5388 3400 5452 bea-

213 5471 362 5534 adeo
381 5473 572 5538 Deum
593 5491 730 5538 esse
757 5475 1106 5558 proximam
1125 5475 1748 5541 rationemadorandi
1832 5477 1912 5540 tis
1939 5475 2126 5540 datur
2149 5485 2406 5560 propter
2445 5476 2611 5542 hanc
2664 5483 3085 5560 sanctitatem,
3112 5487 3282 5546 totus
3310 5481 3399 5546 di-
