3892 6167
1308 356 1633 415 nisenus.
1666 354 1790 413 uu.
1822 354 1998 413 GEGT.
2029 356 2118 415 tu.

116 445 507 525 praecedente
536 445 813 511 sectione
839 490 857 520 ,
890 445 1119 527 saepius
1144 447 1525 517 inculcatum
1558 459 1673 517 est.

116 540 470 601 Videndum
520 540 721 603 solum
772 548 1059 623 superest
1086 544 1238 621 quid
1266 564 1345 607 ex
1388 549 1675 611 conciliis

112 640 171 695 et
228 634 515 695 Patribus
568 640 786 696 contra
842 633 1191 699 doctrinam
1245 640 1566 717 traditam,
1614 646 1679 705 et

112 729 528 789 communiter
568 746 607 788 a
634 727 975 809 Theologis
1001 737 1325 811 receptam
1350 735 1675 799 afferatur.

112 820 503 901 Praecipuum
550 820 706 883 illud
754 828 875 896 est,
926 824 1095 903 quod
1149 825 1215 889 in
1268 830 1587 891 anathem.
1634 832 1677 892 8

112 913 317 993 cyrilli
361 914 589 977 dicitur
618 931 637 975 ε
673 914 757 979 Si
798 914 935 999 quis
972 918 1151 983 audet
1178 920 1397 997 dicere,
1436 940 1677 985 assum·

105 1012 273 1088 ptum
300 1008 599 1073 bominem
623 1026 747 1075 una
772 1028 910 1073 cum
926 1010 1055 1075 Deo
1098 1010 1279 1081 Verbo
1304 1014 1679 1080 adorandum

108 1106 161 1162 et
194 1099 675 1181 qlorificandum
694 1147 713 1177 ,
758 1110 817 1167 et
852 1102 1047 1167 Deum
1089 1109 1379 1185 tanquam
1416 1107 1677 1169 atterum

106 1214 231 1257 cam
257 1194 457 1259 altero
482 1194 904 1279 appellandum
932 1214 1095 1269 esse,·
1119 1198 1282 1261 illud
1295 1200 1455 1265 enim
1472 1200 1679 1279 parti-

106 1288 259 1359 cula,
293 1306 471 1363 cum,
488 1296 801 1373 perpetuo,
825 1289 886 1355 si
911 1290 1310 1371 adimantur,
1342 1292 1679 1374 intelliqere

106 1382 257 1463 coqu
276 1406 307 1453 ;
356 1388 413 1445 et
465 1398 583 1445 non
628 1386 830 1463 maqis
870 1401 999 1449 una
1032 1384 1383 1449 adoratione
1418 1386 1679 1449 Emma-

104 1476 334 1536 nuelem
375 1476 632 1539 honorat
649 1524 663 1551 ‚
707 1482 765 1541 et
806 1495 992 1539 unam
1020 1476 1122 1539 itti
1156 1478 1677 1560 qlorificationem,

102 1570 291 1631 sicuti
332 1566 584 1637 Verbum
604 1585 749 1633 caro
777 1576 1005 1643 sactum
1045 1576 1139 1635 est
1158 1616 1175 1645 ,
1206 1573 1481 1653 adaptat,
1530 1589 1679 1635 ana·

102 1664 299 1726 thema
352 1660 459 1725 sit.
506 1662 575 1723 In
624 1662 745 1723 hac
790 1660 1152 1727 definitione
1200 1682 1407 1727 sermo
1452 1670 1550 1727 est
1598 1664 1677 1727 do

102 1756 518 1830 humanitate,
548 1762 621 1816 ut
661 1758 831 1835 patet
874 1775 953 1817 ex
978 1756 1087 1818 illo
1134 1756 1350 1827 verbo,
1381 1758 1676 1821 hominem

107 1854 521 1927 assu-mptum;
548 1866 677 1909 non
716 1850 883 1910 enim
910 1856 1005 1912 est
1032 1857 1353 1931 assumpta
1380 1868 1675 1929 persona,

104 1941 205 2001 sed
254 1942 398 2002 sola
455 1942 815 2005 humanitas
843 1988 863 2018 ,
924 1962 1065 2025 quae
1102 1944 1363 2006 nomine
1402 1941 1675 2005 hominis

106 2053 259 2113 saepe
293 2053 337 2095 a
364 2034 653 2096 Patribus
684 2034 1087 2115 significatur.
1114 2039 1303 2100 Juxta
1330 2037 1494 2099 hanc
1521 2056 1674 2118 ergo

106 2129 687 2207 interpretationem
737 2129 1071 2191 damnatur
1101 2130 1184 2192 ibi
1233 2132 1364 2193 haec
1406 2128 1669 2193 locutio:

106 2222 490 2286 Humanitas
508 2224 804 2287 adoratur
817 2242 949 2286 cum
960 2226 1084 2287 Deo
1108 2224 1320 2299 Verbo,·
1340 2224 1677 2287 damnatur

106 2316 245 2375 item
278 2318 417 2377 haec
435 2330 453 2376 z
474 2316 859 2381 Humanitas
876 2322 932 2381 et
959 2316 1211 2385 Verbum
1227 2322 1375 2381 sunt
1398 2318 1675 2383 adorabi-

106 2409 187 2470 lia
208 2414 505 2491 tanquam
525 2408 783 2474 alterum
804 2416 861 2474 et
884 2410 1166 2485 alterum,
1190 2410 1435 2491 supple,
1466 2411 1674 2490 objec-

108 2516 229 2562 tum
260 2502 617 2565 adorabile.
642 2504 725 2565 At
750 2522 923 2580 vero,
945 2504 997 2565 si
1024 2503 1384 2567 humanitas
1409 2503 1673 2583 praecisa

112 2596 377 2657 aVerbo
426 2596 765 2658 adorabilis
816 2604 1007 2674 esset,
1056 2598 1161 2658 illa
1206 2604 1373 2661 esset
1406 2597 1674 2659 alterum

112 2688 427 2765 objectum
479 2689 801 2752 adorabile
853 2710 891 2751 a
922 2690 1131 2751 Verbo
1147 2707 1169 2769 3
1216 2698 1279 2753 et
1318 2708 1445 2753 uno
1485 2688 1673 2753 modo

106 2786 261 2843 esset
286 2802 413 2861 per
441 2800 503 2845 se
534 2782 889 2855 adorabilis,
918 2783 1041 2845 alio
1071 2791 1281 2846 autem
1310 2783 1500 2846 modo
1528 2801 1671 2845 cum

104 2876 328 2947 Verbo,
380 2894 529 2957 quae
578 2878 793 2940 omnia
838 2896 1191 2958 repugnare
1238 2878 1531 2939 videntur
1582 2876 1671 2939 illi

104 2970 481 3032 definitioni.
510 2972 691 3034 Unde
722 2970 989 3053 Cyrillus
1016 2973 1083 3035 in
1110 2972 1479 3035 defensione
1505 2972 1673 3034 illius

102 3065 641 3141 anathematismi,
685 3064 944 3128 damnat
972 3067 1283 3143 dicenteS,
1316 3066 1673 3129 humanita-

102 3164 217 3219 tem
250 3164 317 3219 et
356 3158 645 3220 Verbum
672 3177 857 3240 posse
886 3159 1077 3221 dividi
1106 3161 1170 3221 in
1204 3160 1365 3222 duos
1396 3160 1671 3221 adoran-

104 3252 203 3311 dos
221 3275 239 3324 3
275 3258 344 3313 et
394 3251 675 3314 Concilio
708 3253 760 3310 V
788 3251 1474 3334 Constantinopolitano
1496 3298 1511 3325 ‚
1546 3252 1672 3314 col-

102 3344 197 3405 lat.
251 3350 319 3419 8,
354 3364 505 3407 can.
556 3349 619 3419 9,
658 3344 1061 3417 damnantur,
1113 3347 1223 3425 qui
1266 3346 1672 3409 introducunt

102 3438 251 3499 duas
297 3440 735 3515 adorationes,
761 3440 1097 3520 separatim
1125 3440 1333 3503 Verbo
1354 3486 1369 3513 ,
1402 3445 1466 3502 et
1492 3458 1671 3519 sepa·

100 3533 277 3592 ratim
306 3531 579 3593 homini.
598 3532 747 3607 Quae
772 3540 984 3594 tamen
1003 3534 1292 3595 videntur
1313 3534 1669 3596 necessario

98 3626 421 3687 introduci
440 3626 620 3705 juxta
652 3626 1013 3707 praedictam
1033 3625 1407 3688 doctrinam.
1432 3628 1499 3688 Et
1524 3645 1672 3689 con·

98 3718 394 3779 firmatur
420 3718 621 3797 primo
652 3738 730 3781 ex
752 3720 859 3781 vn
885 3718 1151 3800 Synod„
1177 3726 1300 3782 act.
1332 3720 1395 3795 6,
1428 3726 1578 3781 tom.
1607 3721 1671 3794 6,

104 3812 525 3887 ubirefertur,
549 3811 1297 3893 constantinopolitanam
1320 3814 1669 3893 Synodum,

100 3904 249 3965 falso
276 3902 605 3982 septimam
636 3905 1050 3981 nominatam,
1070 3903 1404 3967 damnasse
1452 3903 1676 3984 imagi-

98 4017 237 4058 nem
266 3998 513 4060 Christi
536 3996 832 4073 hominis,
857 3999 1005 4080 quia
1026 4016 1138 4079 per
1165 3998 1335 4060 illam
1361 3999 1671 4079 picturam

98 4090 407 4153 dividitur
434 4089 794 4154 humanitas
822 4110 859 4153 a
896 4090 1242 4168 divinitate,
1273 4110 1349 4154 eo
1381 4092 1551 4173 quod
1580 4093 1673 4155 di·

96 4187 327 4247 vinitas
364 4185 625 4267 depingi
656 4204 780 4247 non
822 4187 1039 4267 possit,
1072 4186 1182 4247 sed
1216 4188 1348 4249 sola
1380 4186 1673 4247 humani-

98 4286 215 4353 tas;
249 4286 321 4341 et
350 4278 695 4340 Concilium
728 4279 1101 4359 respondet,
1134 4299 1249 4343 non
1269 4279 1481 4357 dirici-i,
1512 4282 1673 4345 sicut

96 4375 195 4452 qui
222 4374 530 4435 nominem
550 4373 822 4455 depinqit
850 4372 981 4452 (ait)
1007 4392 1123 4433 non
1143 4374 1551 4437 inanimatum
1578 4374 1673 4435 de·

93 4466 339 4545 ρίηῃῐις
387 4483 537 4547 ergo
568 4464 755 4526 sentit
802 4464 1173 4541 Concilium,
1221 4465 1411 4528 etiam
1440 4464 1674 4545 cogita·

98 4560 265 4621 tione
303 4578 443 4620 non
464 4578 647 4639 posse
674 4558 865 4619 dividi
895 4558 1353 4621 humanitatem
1380 4580 1417 4620 a
1438 4558 1669 4631 Verb03

100 4654 373 4733 alioqui,
427 4653 479 4714 si
523 4653 899 4733 cogitatione
952 4660 1167 4733 posset
1197 4652 1409 4728 dividi,
1462 4658 1675 4732 posset

98 4747 289 4809 etiam
312 4746 571 4827 depingi
590 4752 884 4826 separata
908 4748 1186 4809 aVerbO.
1204 4748 1382 4810 Unde
1393 4744 1675 4807 Theodo-

95 4860 200 4901 rus
233 4840 740 4919 Hierosolymit.,
768 4841 829 4900 in
864 4840 1045 4919 epist.
1076 4859 1215 4920 quae
1248 4840 1519 4901 refertur
1546 4844 1676 4899 act.

94 4936 129 4995 3
178 4934 481 5015 ejusdem
524 4932 797 5009 concilii,
853 4934 1017 4995 circa
1063 4932 1291 4995 finem:
1323 4933 1670 4996 Actor-amus

97 5027 359 5107 (inquit)
407 5026 648 5091 Christi
684 5025 1031 5106 imaqinem,
1062 5026 1547 5107 quemadmodum
1570 5030 1669 5099 fa·

96 5119 210 5182 cies
239 5121 383 5199 ejus
412 5120 549 5183 visa
575 5124 689 5192 est,
728 5137 843 5181 non
873 5124 1071 5181 tamen
1100 5139 1139 5184 a
1180 5120 1394 5183 deitate
1421 5134 1669 5197 separa·-

96 5218 247 5275 tam.
280 5212 469 5275 Absit
493 5217 562 5274 ut
593 5214 685 5274 ita
704 5214 1061 5289 sentiamus,
1094 5230 1227 5276 cam
1260 5212 1333 5274 ab
1363 5212 1502 5291 ipsa
1520 5208 1667 5289 pri-

96 5323 197 5366 ma
225 5306 605 5384 conceptione
633 5322 765 5366 cum
802 5304 1021 5366 deitate
1044 5306 1221 5369 unita
1248 5304 1351 5377 sit.

176 5400 285 5461 29.
336 5396 751 5459 Confirmatur
804 5396 1114 5474 secundo,
1148 5416 1295 5459 nam
1345 5415 1423 5460 ex
1452 5401 1667 5459 nostra

100 5493 421 5554 sententia
460 5491 742 5573 sequitur
766 5491 935 5553 hanc
972 5490 1353 5571 locutionem
1396 5508 1536 5553 esse
1564 5507 1667 5553 vc·

1756 472 1895 516 ram
1930 470 1947 515 ε
1979 451 2352 516 Humanitas
2385 449 2685 513 adoratur
2725 458 2978 533 propter
3017 452 3318 529 Verbum,

1756 547 2100 626 praesertim
2125 546 2230 606 illo
2256 545 2474 606 ultimo
2501 562 2734 623 genere
2762 545 3168 617 adorationis,
3193 565 3320 626 quo

1756 639 2031 701 diximus
2075 656 2260 717 posse
2307 636 2760 699 humanitatem
2793 638 3044 715 praecise
3075 640 3319 701 adorari

1754 732 2000 795 ratione
2027 730 2299 803 unionis,
2323 736 2384 795 et
2410 730 2671 793 adorato
2693 729 2902 792 Verbo
2927 738 2996 791 ut
3021 747 3170 809 quo,
3190 750 3320 793 non

1756 825 2008 905 proprie
2037 831 2110 887 ut
2135 825 2308 905 quod
2334 842 2447 905 per
2476 842 2544 885 se
2573 823 2776 905 primo
2805 822 3136 896 adoratum
3172 844 3322 886 cou-

1758 935 2028 999 sequens
2057 924 2154 981 est
2179 923 2396 980 contra
2427 917 2492 978 id
2524 916 2698 997 quod
2725 916 2950 977 dicitur
2989 917 3056 979 in
3101 936 3202 996 ep.
3247 921 3325 981 10

1756 1008 2002 1090 Cyrilli,
2036 1027 2176 1089 quae
2225 1015 2321 1073 est
2347 1008 2600 1073 Concitii
2646 1009 3047 1071 Alexandrini
3081 1031 3098 1069 :
3132 1010 3326 1075 Recu-

1756 1120 1966 1167 samus
1995 1110 2054 1167 et
2095 1105 2228 1179 boc,
2257 1107 2330 1167 ut
2361 1104 2430 1166 de
2479 1102 2726 1167 Christo
2771 1102 3086 1183 quisquam
3113 1105 3278 1169 dicet
3299 1129 3325 1163 .-

1756 1196 2026 1276 Propter
2060 1214 2192 1260 eum
2231 1194 2338 1278 qui
2373 1196 2666 1259 hominem
2689 1197 2913 1268 induit,
2942 1214 3073 1259 eum
3095 1198 3204 1276 qui
3232 1198 3326 1259 in-

1756 1288 1943 1352 dutus
1983 1294 2098 1365 est,
2135 1308 2404 1367 veneror,
2437 1294 2688 1369 propter
2733 1289 3098 1353 invisibilem
3143 1291 3324 1355 adoro

1759 1381 2076 1445 visibilem.
2595 1452 2626 1475 ,

1844 1478 1941 1537 30.
1975 1475 2258 1537 Tandem
2285 1475 2638 1539 afferuntur
2679 1475 3036 1539 testimonia
3069 1479 3320 1539 Pati-um

1758 1568 2204 1641 asserentium,
2241 1568 2516 1631 Verbum
2565 1576 2629 1630 et
2671 1586 2928 1630 carnem
2969 1587 3096 1631 non
3133 1570 3324 1633 dividi

1760 1666 1871 1725 aut
1918 1662 2196 1742 separari
2237 1663 2300 1723 in
2348 1662 2748 1732 adoratione,
2782 1660 3032 1740 quos'in
3075 1662 3323 1725 duabus

1759 1753 2261 1835 praecedentibus
2322 1754 2702 1815 sectionibus
2767 1753 2892 1815 late
2952 1754 3322 1830 citavimus3

1758 1848 2100 1931 praesertim
2147 1846 2356 1911 favere
2393 1847 2660 1919 videtur,
2695 1848 2865 1926 quod
2895 1848 3322 1911 Damascenus

1757 1942 1869 2010 ait,
1897 1941 1941 2003 l.
1972 1945 2014 2003 4
2038 1941 2118 2002 de
2147 1940 2334 2013 Fide,
2366 1958 2420 2002 c.
2454 1943 2514 2013 2,
2559 1940 2810 2006 Verbum
2836 1943 3224 2007 incarnatum
3257 1942 3324 2003 in

1756 2036 1950 2099 eodem
1979 2035 2043 2099 di
2043 2035 2307 2114 quitatis
2351 2035 2567 2097 honore
2603 2036 2802 2097 sedere
2845 2052 2981 2098 cum
3006 2034 3220 2108 Patre,
3253 2036 3322 2097 in

1754 2131 1954 2193 eadem
1977 2130 2269 2192 nimirum
2291 2128 2496 2211 qloria
2521 2131 2718 2192 ascita
2739 2128 2941 2209 ipsius
2963 2146 3174 2201 carun
3195 2147 3321 2193 una

1754 2222 1966 2287 etenim
1995 2224 2303 2303 eademque
2340 2239 2472 2285 cum
2499 2238 2614 2285 sua
2651 2239 2832 2285 carne
2857 2223 3206 2287 adoratione
3243 2222 3316 2285 ab

1756 2316 2026 2378 omnibus
2047 2316 2224 2377 rebus
2250 2316 2508 2378 conditis
2535 2315 2860 2390 afficitum
2882 2320 2944 2377 et
2971 2332 3026 2377 c.
3056 2317 3118 2389 3,
3145 2315 3321 2377 addit

1756 2409 2214 2471 humanitatem
2237 2452 2260 2484 ,
2319 2407 2372 2468 si
2428 2408 2803 2487 cogitatione
2859 2415 3226 2471 secernatur
3279 2426 3318 2469 a

1755 2501 1990 2576 Verbo,
2022 2519 2152 2562 non
2189 2518 2328 2563 esse
2359 2500 2783 2573 adorandam
2819 2508 2886 2562 ut
2913 2502 3316 2581 conjunctam

1755 2580 1929 2667 vei-o,
1949 2592 2198 2669 eadem,
2224 2610 2344 2673 qua
2381 2592 2612 2671 ipsum,
2641 2592 3004 2657 adoratione
3022 2593 3162 2655 coli.
3196 2594 3316 2655 Ad-

1755 2685 2054 2765 hibetque
2105 2687 2484 2765 exemplum.
2539 2684 2711 2749 Sicut
2753 2685 2996 2765 lignum
3051 2687 3316 2764 simplex

1754 2787 1980 2842 natura
2011 2798 2124 2841 sua
2153 2778 2278 2841 tale
2308 2798 2438 2841 non
2465 2784 2562 2841 est
2591 2784 2660 2841 ut
2686 2779 2844 2841 adiri
2873 2798 3000 2841 non
3033 2782 3230 2860 possit
3255 2788 3317 2843 et

1754 2872 2150 2949 contrectari,
2174 2873 2225 2933 si
2253 2878 2466 2935 tamen
2493 2872 2640 2951 igne
2669 2872 3114 2947 inflammetur,
3135 2892 3314 2953 aequo

1754 2966 2128 3029 contrectari
2175 2984 2303 3028 non
2330 2970 2538 3045 potest
2563 2983 2638 3025 ac
2678 2964 2812 3047 ipse
2839 2966 3038 3046 ignis,
3066 2985 3192 3029 non
3238 2986 3316 3029 ex

1754 3078 1848 3135 se,
1873 3060 1982 3122 sed
2011 3060 2251 3121 ratione
2270 3060 2434 3139 iguis
2459 3058 2561 3138 adj
2573 3060 2770 3131 uncti:
2800 3078 2973 3139 erge,
3003 3061 3160 3123 sicut
3191 3080 3318 3123 non

1751 3160 1956 3234 potest
1975 3154 2115 3232 quis
2134 3154 2433 3217 recedere
2455 3154 2536 3215 ab
2565 3154 2710 3233 igne
2731 3161 3035 3235 concepto
3061 3156 3124 3216 in
3147 3156 3316 3234 ligno

1751 3248 1853 3308 vel
1880 3248 2071 3321 ferro,
2106 3246 2256 3326 quin
2287 3247 2544 3308 recedat
2571 3266 2606 3307 a
2647 3246 2844 3327 ligno,
2875 3266 3084 3328 neque
3113 3267 3148 3311 e
3175 3266 3316 3309 con·

1748 3358 1931 3402 verso
1954 3346 2156 3419 potest
2175 3340 2476 3401 accedere
2507 3340 2588 3399 ad
2611 3340 2850 3419 lignum
2880 3342 3032 3419 quin
3056 3342 3321 3403 accedat

1750 3434 1832 3496 ad
1862 3434 2101 3513 ignem,
2128 3434 2218 3496 ita
2247 3452 2374 3495 non
2405 3438 2610 3513 potest
2633 3433 2773 3511 quis
2807 3433 3070 3496 adorare
3097 3435 3318 3497 huma·

1749 3527 2045 3601 nitatem,
2077 3527 2230 3605 quin
2261 3526 2480 3588 adoret
2522 3525 2933 3588 divinitatem.
2971 3529 3124 3589 item
3168 3529 3316 3591 tacit

1756 3618 1925 3698 quod
1952 3618 2166 3698 cyril„
2188 3619 2334 3681 diet.
2361 3619 2576 3681 anath.
2605 3621 2665 3690 8,
2690 3618 2798 3693 ait,
2829 3638 3018 3681 unam
3045 3639 3184 3683 esse
3215 3642 3317 3686 se-

1754 3712 1899 3773 dem
1931 3730 2045 3773 seu
2082 3712 2536 3775 considentiam
2578 3712 2981 3775 humanitatis
3011 3721 3072 3777 et
3102 3716 3310 3787 Verbi,

1756 3811 1819 3867 et
1847 3806 1987 3867 ideo
2017 3825 2208 3867 unam
2239 3825 2376 3867 esse
2407 3807 2730 3886 utriusque
2763 3806 3215 3871 adorationem.
3251 3811 3313 3872 Si

1754 3906 1965 3961 autem
1988 3900 2118 3961 sola
2140 3900 2492 3962 humanitas
2514 3899 2758 3963 diversa
2777 3900 3144 3963 adoratione
3165 3904 3316 3965 ado·

1752 3992 1879 4053 rari
1929 3998 2166 4072 posset,
2215 3992 2472 4055 alteram
2523 4012 2638 4072 per
2673 4010 2742 4055 se
2793 3992 3053 4055 haberet
3098 3996 3314 4057 sedem

1754 4086 1966 4167 gloriae
1985 4104 2177 4165 quam
2201 4084 2495 4147 Verbum.
2523 4086 2827 4148 Praeterea
2848 4088 3108 4149 affertur
3123 4090 3314 4151 Atha-

1752 4181 1992 4255 nasius,
2011 4180 2074 4240 in
2109 4181 2290 4259 epist.
2323 4180 2406 4241 ad
2423 4178 2686 4259 Adelph.
2709 4188 2926 4245 contra
2945 4183 3184 4252 Arium,
3205 4184 3318 4244 ali-

1754 4274 2128 4353 quantulum
2178 4292 2214 4333 a
2262 4270 2594 4353 principio,
2628 4272 2733 4335 ubi
2783 4275 2872 4337 sic
2901 4276 3106 4355 inquit
3135 4291 3152 4335 ε
3185 4279 3318 4343 Nec

1752 4366 2097 4431 istiusmodi
2149 4384 2362 4449 corpus
2424 4368 2672 4429 seorsim
2733 4369 3225 4435 discriminabant
3279 4388 3320 4433 a

1765 4462 1945 4530 Verbo
1974 4460 2321 4525 adoratione
2346 4462 2804 4543 prosequimur,
2834 4481 3017 4544 neque
3060 4464 3318 4531 Verbum

1754 4552 2094 4629 adoraturi,
2143 4552 2390 4620 Verbum
2437 4572 2477 4617 a
2522 4571 2702 4618 carne
2746 4556 2920 4636 lonqe
2951 4558 3314 4637 seponimus,

1754 4654 1900 4720 etc.;
1936 4654 1998 4709 et
2041 4644 2328 4708 AmbroS.
2355 4690 2372 4719 ,
2402 4646 2481 4709 de
2526 4648 2774 4709 Incarn.
2805 4649 2986 4710 Dom.
3019 4668 3316 4725 sacram„

1754 4758 1811 4803 c.
1845 4743 1880 4801 '1
1910 4756 1927 4801 ε
1957 4740 2284 4819 Numquid
2325 4758 2458 4803 eum
2505 4742 2886 4807 divinitatem
2926 4744 3056 4823 ejus
3099 4745 3318 4807 adora-

1751 4850 1908 4915 mus,
1955 4830 2264 4897 Christum
2313 4832 2683 4897 dividimus?
2710 4836 3034 4917 Numquid
3073 4855 3206 4900 cum
3251 4835 3318 4899 in

1748 4944 1813 4992 eo
1858 4928 2187 5008 imaqinem
2229 4926 2346 4989 Dei
2375 4944 2715 5009 crucemque
2753 4946 3130 5006 veneramur,
3161 4932 3318 4993 divi-

1748 5022 1946 5085 dimus
1975 5022 2153 5083 eum?
2180 5019 2474 5097 Apertius
2503 5022 2928 5101 Augustinus,
2955 5022 3021 5083 in
3050 5022 3116 5084 id
3148 5023 3310 5088 Psal.

1748 5117 1871 5179 98:
1898 5112 2161 5177 Adorate
2201 5114 2538 5177 scabellum
2572 5114 2790 5195 peditm
2847 5116 3004 5194 ejus,
3035 5117 3316 5197 quoniam

1748 5214 2021 5273 sanctum
2078 5213 2165 5269 est
2193 5222 2216 5277 ,·
2269 5225 2383 5285 per
2436 5207 2788 5271 scabellum.
2844 5207 3306 5270 humanitatem

1746 5301 1970 5363 Christi
2017 5298 2375 5381 intelligens
2405 5298 2494 5359 sic
2520 5298 2869 5361 concludit:
2903 5301 3148 5364 Etcum
3175 5303 3316 5363 ado-

1746 5414 1855 5458 ras
1882 5394 2088 5467 illum,
2109 5412 2182 5457 ne
2210 5395 2570 5473 coqitatione
2595 5412 2908 5463 remaneas
2931 5399 3000 5457 in
3028 5412 3228 5467 carue,
3257 5400 3315 5459 et

1748 5490 1822 5554 ab
1846 5491 2222 5570 spiritunon
2249 5487 2592 5565 vivificeris.
2626 5487 2902 5551 Tandem
2932 5489 3196 5565 Tbeod.,
3231 5489 3313 5551 ad
