3892 6167
642 279 764 346 530

640 383 981 450 antinum
1000 427 1027 462 ,
1074 389 1263 464 prout
1310 389 1407 448 est
1441 386 1507 448 in
1560 405 1677 450 usu
1717 388 2206 468 Theologorum‚

641 475 896 558 quando
926 475 1005 538 de
1032 475 1243 556 aliquo
1269 475 1556 545 absolute
1584 479 1815 543 dicitur
1835 526 1852 556 ,
1896 479 2212 560 siguificat

640 571 817 632 illum
842 589 958 650 per
982 569 1259 632 divinam
1287 571 1677 635 voluntatem
1702 591 1842 636 esse
1864 574 1947 636 ab
1976 577 2208 636 oeterno

642 662 999 728 ordinatum
1027 662 1109 725 ad
1139 664 1398 746 aliquod
1442 683 1581 730 esse
1614 666 1895 731 divinum
1923 714 1941 745 ,
1989 685 2106 730 seu
2128 667 2209 729 ad

639 776 823 822 suam
845 755 1304 821 beatitudinem
1328 780 1349 836 3
1396 760 1518 822 hoc
1544 764 1759 826 autem
1789 760 1913 824 dici
1939 777 2070 824 non
2097 777 2210 840 po-

638 858 759 914 test
786 851 868 914 de
898 850 1054 914 Filio
1080 851 1219 928 Dei,
1249 852 1359 934 qui
1387 871 1569 918 suam
1596 854 2054 918 beatitudinem
2076 872 2207 918 non

638 945 832 1010 hebet
872 963 951 1008 ex
995 944 1565 1027 praedestinatione,
1610 949 1725 1012 sed
1758 967 1875 1030 per
1902 955 2207 1013 aeternam

641 1037 1143 1122 generationem.

718 1137 781 1198 2.
812 1133 963 1196 Dico
984 1133 1184 1214 primo
1208 1154 1223 1198 ε
1246 1133 1551 1214 Christus,
1572 1135 1639 1200 in
1656 1143 1968 1218 quantum
1987 1137 2200 1212 homo,

640 1232 735 1291 est
760 1225 845 1290 ab
890 1229 1125 1291 aeterno
1164 1227 1665 1310 praedestinatus.
1708 1232 1820 1296 Est
1848 1231 2205 1296 communis

637 1326 703 1384 et
736 1325 909 1384 certa
954 1321 1297 1386 conclusio,
1341 1324 1417 1386 Et
1455 1323 1761 1406 probatur
1796 1325 2001 1404 facile,
2053 1325 2204 1406 quia

634 1413 939 1490 Christus,
972 1413 1043 1476 in
1068 1421 1377 1495 quantum
1399 1415 1617 1494 homo.
1662 1420 1745 1482 ab
1774 1425 2012 1485 aeterno
2040 1424 2139 1483 est
2164 1438 2202 1482 a

633 1508 763 1572 Deo
808 1505 1099 1583 dilectus,
1145 1514 1210 1572 et
1249 1509 1575 1574 ordinatus
1615 1511 1701 1576 ad
1746 1513 2202 1594 perfectissima

635 1599 803 1664 dona
842 1601 1057 1682 gratim
1085 1608 1149 1666 et
1176 1602 1417 1684 glories,
1458 1622 1599 1686 quoe
1626 1605 1718 1670 illi
1754 1613 1827 1670 ut
1852 1607 2094 1671 bomini
2117 1607 2202 1670 ab

636 1701 874 1760 aeterno
909 1702 1261 1778 praeparata
1292 1704 1473 1774 sunt3
1502 1700 1935 1780 propriissime
1961 1719 2113 1782 ergo
2142 1707 2204 1766 et

630 1789 1083 1872 perfectissime
1101 1797 1313 1871 potest
1334 1792 1457 1856 dici
1476 1794 1980 1873 praedestinatus,
2001 1796 2200 1858 multo

632 1883 837 1964 magis
864 1901 1057 1964 quam
1080 1883 1185 1947 alii
1214 1885 1501 1948 homines
1532 1887 1731 1950 electi.
1768 1887 1843 1954 Et
1870 1888 2200 1953 confirma·

632 1981 759 2053 tur,
784 1977 926 2056 quia
961 1976 1259 2052 Christus,
1296 1977 1363 2040 in
1393 1984 1703 2058 quantum
1732 1980 1949 2057 homo,
1981 1988 2072 2045 cst
2099 1981 2200 2044 Fi-

629 2070 755 2134 lius
782 2069 887 2132 Dei
916 2069 1217 2132 naturalis
1249 2070 1493 2134 ratione
1532 2074 1745 2154 gratim
1772 2072 2067 2152 unionis3
2109 2075 2196 2138 si-

632 2170 739 2228 cut
780 2181 931 2244 ergo
971 2163 1106 2226 haec
1149 2164 1298 2227 unio
1346 2164 1428 2226 ab
1470 2173 1705 2230 aeterno
1750 2168 2196 2250 praedestinata

633 2263 751 2334 est,
782 2257 869 2320 ita
896 2262 961 2319 et
994 2256 1293 2333 Christus,
1325 2263 1395 2320 ut
1427 2256 1643 2335 homo,
1673 2265 1765 2322 est
1790 2261 2196 2342 praedestina-

630 2357 759 2414 tus.

708 2450 770 2510 3.
818 2443 1100 2512 Christus
1126 2447 1199 2512 ab
1220 2451 1441 2512 oeurno
1458 2446 2196 2530 pedamentum-Dico

632 2539 945 2602 secundo:
972 2539 1253 2603 Christus
1286 2541 1593 2604 Dominus
1619 2540 1931 2616 absolute,
1965 2547 2030 2606 et
2058 2542 2194 2606 sine

628 2631 755 2694 alia
778 2632 1298 2698 determinatione
1326 2635 1394 2696 in
1418 2634 1701 2714 subjecto
1728 2635 1830 2698 vel
1854 2635 2195 2716 praedicato

628 2725 832 2806 posita
856 2769 875 2797 ,
908 2743 1057 2788 vere
1080 2744 1157 2790 ac
1190 2727 1443 2808 proprie
1482 2727 1605 2790 dici
1648 2733 1853 2808 potest
1878 2729 2198 2809 praedesti-

625 2825 829 2883 natus.
858 2821 1008 2884 Haec
1035 2827 1131 2882 est
1155 2839 1337 2884 mens
1362 2823 1435 2884 D.
1457 2821 1712 2884 Thomoe
1744 2822 1867 2894 hic,
1896 2823 1964 2884 in
1989 2830 2110 2888 ert.
2131 2827 2192 2901 1,

628 2919 689 2977 et
712 2913 973 2977 aliorum
994 2915 1485 2994 Theologorum,
1514 2915 1581 2976 in
1606 2917 1669 2992 3,
1696 2915 1839 2980 dist.
1866 2919 1927 2989 73
1953 2917 2194 2995 Alens„

634 3009 673 3072 3
693 3011 881 3087 part„
923 3012 1144 3087 quaest.
1180 3011 1240 3080 3,
1269 3013 1333 3071 et
1358 3013 1455 3070 est
1481 3006 1617 3070 fere
1642 3014 1855 3089 aperta
1884 3012 2196 3074 sententia

630 3101 925 3180 August„
956 3100 1037 3162 de
1068 3097 1494 3165 Praedestiuat.
1524 3101 1763 3174 Sanct„
1793 3119 1853 3166 c.
1884 3105 1984 3178 15,
2021 3109 2086 3166 et
2112 3104 2192 3168 de

630 3194 805 3256 Bono
827 3199 1278 3274 perseverent„
1308 3212 1364 3258 c.
1385 3194 1523 3268 ult„
1558 3200 1623 3258 et
1650 3200 1729 3258 tr.
1756 3198 1875 3260 105
1894 3197 1960 3258 in
1973 3197 2188 3272 Joan.‚

626 3293 695 3352 et
712 3286 1023 3367 colligitur
1048 3305 1127 3352 ex
1156 3288 1317 3350 Petr.
1335 3332 1356 3364 ,
1388 3305 1445 3352 c.
1481 3290 1511 3350 1
1529 3333 1551 3364 ,
1585 3292 1615 3351 1
1642 3288 1910 3366 Cauca„
1939 3289 2052 3352 ubi
2071 3291 2193 3354 hoc

624 3398 817 3444 sensu
846 3387 1027 3444 vocat
1055 3381 1409 3443 Christum:
1445 3379 1687 3462 Aquam
1710 3379 2189 3462 immaculatum,

620 3475 1061 3556 proecoffm'tum
1106 3473 1343 3556 quidem
1376 3480 1513 3538 anto
1550 3476 1764 3548 nundi
1809 3478 2193 3540 constitutio·

622 3585 779 3642 nent,
811 3567 1267 3638 manifestatum
1294 3571 1495 3630 autem
1531 3567 1883 3632 novissimis
1909 3571 2192 3652 tempori·

623 3661 733 3724 bus
746 3685 773 3734 ,·
791 3664 947 3722 etex
966 3658 1137 3721 Paul.
1151 3703 1167 3733 ,
1187 3662 1217 3721 1
1239 3656 1321 3721 ad
1340 3658 1479 3722 Cor.
1505 3664 1565 3736 2,
1584 3659 1693 3722 ubi
1711 3659 1981 3740 loquens
1999 3663 2080 3726 de
2097 3683 2193 3726 sa-

620 3753 861 3836 pientia
887 3753 1253 3830 incarnata,
1295 3770 1475 3833 quam
1500 3771 1668 3818 nemo
1687 3755 2042 3837 principum
2085 3759 2195 3822 luc·

607 3847 725 3928 jus
752 3847 940 3912 seculi
968 3845 1268 3927 aequavit,
1313 3843 1483 3922 dicit,
1534 3863 1677 3908 eam
1713 3847 2191 3927 praedestinasse

619 3939 820 4004 Deum
848 3946 985 4006 aute
1010 3947 1281 4021 tempora
1302 3940 1628 4018 recidat-ia,
1658 3949 1731 4002 ut
1758 3941 1847 4004 ibi
1866 3943 2186 4024 chrysost.

622 4039 684 4096 et
723 4034 825 4096 alii
872 4040 1233 4114 exponunt;
1274 4032 1443 4097 unde
1484 4033 1829 4096 Concilium
1871 4037 2072 4100 Tolet.
2107 4039 2189 4102 xl

623 4130 716 4192 sic
760 4128 840 4190 de
881 4127 1123 4194 Christo
1162 4127 1432 4208 loquens
1458 4127 1667 4208 inquit
1694 4145 1711 4190 ε
1741 4131 1871 4194 Por
1896 4132 2006 4196 hoc
2033 4135 2193 4214 quod

625 4223 696 4284 de
727 4221 809 4284 Μ
804 4222 944 4286 avia
984 4221 1231 4304 Vimine
1255 4227 1439 4286 natus
1464 4226 1557 4286 m
1576 4265 1597 4298 ‚
1637 4227 1696 4287 et
1716 4225 2187 4302 praedestinatus

623 4332 747 4379 csse
792 4314 1113 4378 credendus
1158 4317 1268 4376 m.
1328 4311 1589 4376 Ratione
1640 4314 1944 4394 probatur
1969 4361 1987 4390 ,
2037 4317 2187 4396 quia

622 4403 895 4470 Christus
940 4403 1250 4482 significat
1284 4405 1441 4484 quid
1470 4405 1815 4470 subsistens
1848 4407 1911 4472 iu
1942 4407 2188 4474 duabus

616 4499 896 4572 naturiS,
944 4497 1157 4560 diviua
1192 4504 1256 4560 et
1292 4497 1562 4562 humana
1590 4518 1607 4572 ;
1642 4498 1756 4562 sed
1796 4503 1917 4564 boc
1952 4503 2184 4584 ipsum,

618 4596 687 4654 ut
716 4589 996 4655 Christus
1025 4591 1323 4654 subsistat
1354 4590 1421 4657 in
1450 4592 1696 4656 duabus
1731 4595 1998 4672 naturis,
2031 4615 2188 4677 proe-

615 4683 997 4750 destinatum
1034 4690 1131 4746 est
1167 4682 1249 4746 ab
1281 4690 1517 4748 oeterno
1538 4707 1560 4764 3
1606 4704 1757 4768 ergo
1800 4692 1863 4750 et
1902 4686 2187 4754 Christus

616 4775 979 4854 simpliciter
1023 4775 1147 4839 dici
1192 4782 1401 4858 potest
1442 4777 1525 4840 ab
1566 4782 1803 4841 aeterno
1860 4781 2189 4860 proedesti-

616 4873 827 4928 natus,
885 4866 1175 4930 Secundo
1207 4912 1229 4945 ,
1289 4869 1567 4932 Christus
1616 4870 1982 4951 simpliciter
2031 4874 2188 4936 dici-

618 4966 724 5024 tur
770 4957 1154 5040 glorificatus
1184 5007 1201 5032 .
1245 4961 1553 5024 exaltatus
1585 5007 1602 5037 ‚
1657 4968 1819 5040 etc.;
1864 4983 1981 5028 cur
2029 4985 2182 5047 ergo

612 5068 745 5114 non
782 5051 1016 5132 poterit
1060 5051 1183 5118 dici
1225 5053 1729 5134 praedestinatus,
1774 5073 1923 5120 cum
1968 5061 2182 5124 omnia

610 5143 749 5212 haec
766 5142 1107 5224 praedicata
1128 5143 1416 5210 dicantur
1442 5145 1523 5210 de
1547 5145 1790 5214 Christo
1812 5150 2059 5216 ratione
2083 5170 2180 5214 as·

608 5243 871 5318 sumptae
910 5241 1200 5302 naturae‘l
1228 5239 1441 5304 Tertio
1461 5286 1479 5315 ,
1516 5259 1665 5305 cum
1699 5243 1925 5326 aliquis
1954 5245 2181 5310 dicitur

610 5331 1095 5414 praedestinatus
1121 5331 1486 5422 simpliciter
1502 5379 1527 5414 ,
1554 5335 1659 5405 vel
1680 5337 1944 5428 intelligi
1971 5347 2178 5422 potest

612 5424 855 5488 ratione
894 5423 1320 5508 beatitudinis,
1360 5427 1441 5495 ed
1478 5447 1673 5515 quam
1715 5439 1811 5500 est
1841 5433 2079 5503 clectus
2115 5442 2178 5500 et

1846 287 2083 352 QUAEST.
2119 286 2294 340 xxw.
2329 285 2532 342 Alme.
2565 287 2650 342 Ν.

2291 384 2638 463 ordinatus,
2687 385 2784 450 vel
2811 384 3056 450 ratione
3091 385 3430 465 exi-tentia,
3463 399 3596 476 quia,
3615 410 3718 474 scili-
3752 387 3753 390 Ἴ

2290 483 2412 556 cet,
2443 478 2772 542 ordinatus
2799 484 2894 542 est
2921 482 2994 542 ut
3015 478 3097 545 sit
3123 479 3188 542 in
3209 497 3408 546 rerum
3429 497 3628 570 natum
3647 509 3718 566 sed

2291 569 2573 636 Christus
2596 572 2868 636 maxime
2893 578 2990 635 est
3009 571 3246 636 electus
3265 575 3345 640 ad
3361 576 3716 670 beatitudinem¹

2293 671 2356 728 et
2385 665 2710 730 ordinatus
2737 672 2926 734 estut
2965 665 3263 731 subsistat
3297 669 3358 734 in
3383 671 3586 742 duabus
3607 695 3718 750 mm.

2289 758 2399 836 ris,
2443 759 2616 840 quod
2643 765 2740 824 est
2779 777 2922 826 esse
2959 759 3292 840 Christum,
3330 769 3396 826 ut
3419 765 3606 838 dictum
3631 789 3716 856 em

2289 869 2466 932 ergo·

2365 947 2428 1008 4.
2474 944 2757 1028 objectio.
2783 981 2866 1000 ·-
2887 950 3238 1032 Responsio.
3261 985 3340 998 --
3359 953 3552 1020 Dices:
3575 962 3720 1030 subm.

2285 1043 2417 1102 tere
2447 1039 2514 1104 in
2539 1041 2788 1105 duabus
2809 1042 3056 1106 naturis
3079 1088 3100 1118 ,
3143 1045 3408 1126 pertinet
3429 1055 3580 1130 quasi
3599 1058 3655 1118 ad
3671 1063 3720 1140 ip

2287 1151 2425 1195 sam
2449 1131 2674 1200 Christi
2697 1137 3206 1202 constitutionem
3225 1147 3290 1202 et
3307 1145 3718 1222 compositionem

2285 1226 2397 1288 sed
2421 1243 2564 1308 quae
2589 1229 2910 1312 pertinent
2933 1229 3016 1292 ad
3039 1233 3526 1300 constitutionem
3543 1243 3628 1318 rei,
3647 1263 3720 1308 non

2287 1319 2520 1385 cadunt
2545 1323 2668 1386 sub
2693 1324 3306 1405 praedestinationem
3331 1329 3473 1408 ejus,
3503 1339 3724 1402 utnohrit

2283 1413 2356 1476 D.
2381 1413 2601 1478 Thom.
2615 1465 2630 1488 ,
2661 1415 2934 1481 lectione
2953 1421 3018 1494 3,
3044 1438 3239 1500 super
3256 1420 3338 1484 ad
3355 1422 3518 1488 Rom.
3539 1428 3562 1488 1
3581 1444 3598 1505 ;
3615 1448 3722 1510 erge.
3754 1457 3755 1484 ;

2283 1507 2756 1587 Respondetur:
2791 1512 3047 1591 quando
3085 1515 3446 1594 compositio
3473 1518 3724 1588 relocasti
3754 1535 3755 1540 ’

2283 1600 2440 1664 tutio
2461 1602 2553 1664 rei
2583 1609 2680 1666 est
2707 1622 2884 1669 mere
2921 1607 3228 1670 naturalis
3248 1653 3264 1684 ,
3303 1609 3410 1672 illa
3429 1627 3542 1676 non
3563 1621 3722 1696 propiie

2285 1693 2454 1756 cadit
2491 1695 2612 1758 sub
2651 1698 3270 1778 praedestinationem
3308 1707 3574 1784 tanquam
3594 1714 3724 1772 termi-

2283 1804 2404 1848 nus
2429 1788 2606 1868 ejus,
2635 1790 2784 1869 quia
2809 1792 3304 1872 praedestinatio,
3347 1802 3416 1860 ut
3433 1801 3722 1880 nunclequi-

2281 1897 2424 1941 mur
2441 1926 2466 1958 ,
2501 1883 2762 1964 respicit
2801 1887 3304 1968 supernaturalia
3349 1888 3536 1968 bona;
3571 1902 3721 1958 atvero

2280 1970 2348 2032 in
2379 1969 2620 2038 Christo
2651 1977 2922 2060 ipsamet
2945 1979 3116 2042 illius
3139 1982 3486 2046 constitutio
3501 2031 3520 2062 ,
3551 1993 3596 2050 et
3613 1996 3720 2070 quas·

2281 2068 2672 2150 compositio,
2705 2089 2836 2134 non
2868 2076 2968 2134 est
3015 2091 3192 2138 mere
3233 2077 3534 2154 naturalis,
3567 2087 3614 2150 et
3639 2083 3718 2146 idea

2279 2177 2429 2222 vere
2465 2180 2541 2224 ac
2579 2163 2832 2244 proprie
2871 2165 3318 2246 pra-destinata
3345 2176 3436 2234 est
3463 2215 3478 2246 .
3519 2175 3720 2238 etabilh

2279 2258 2488 2334 potest
2515 2253 2794 2320 Christus
2829 2259 3196 2342 simpliciter
3221 2263 3638 2344 predestinatus
3655 2269 3716 2330 de-

2281 2349 2615 2416 nominari.
3756 2351 3757 2412 l

2363 2445 2424 2506 5.
2453 2441 2604 2506 Dico
2633 2445 2816 2510 tertio
2837 2464 2858 2512 ε
2883 2447 3186 2526 Verbum,
3217 2468 3332 2516 seu
3353 2451 3528 2517 Filius
3547 2455 3716 2518 Boinoa
3756 2427 3757 2514 Ῐ

2276 2540 2484 2617 potest
2509 2537 2876 2622 simpliciter
2901 2541 3024 2608 dici
3045 2544 3537 2624 proedestinatus,
3559 2549 3714 2628 proprie

2275 2629 2619 2710 loquendo.
2663 2633 2841 2698 Hanc
2879 2637 3346 2702 conclusionem
3377 2659 3528 2722 pono
3559 2649 3716 2722 propter

2275 2723 2588 2786 rationem
2627 2725 2959 2791 dubitandi
2999 2729 3068 2792 in
3101 2731 3404 2816 principio
3443 2735 3660 2814 positam,
3681 2746 3714 2796 ei

2277 2824 2374 2880 est
2420 2819 2776 2884 communis
2825 2823 3314 2906 Theologomm,
3363 2827 3427 2888 in
3463 2829 3516 2902 3,
3545 2827 3646 2890 dist.
3672 2831 3714 2899 ἵ,

2277 2910 2544 2988 Βοηιιν.,
2587 2913 2910 2991 Richard.,
2953 2915 3234 2980 Durand.
3279 2926 3341 2982 et
3379 2920 3588 2996 Palud.,
3615 2922 3716 3000 quia,

2273 3002 2419 3066 licet
2443 3005 2724 3068 Verbum
2747 3006 2986 3088 aliquid
3011 3009 3078 3072 iu
3106 3011 3480 3076 humanitate
3497 3015 3718 3076 habeatnr

2272 3095 2483 3159 divina
2506 3098 3086 3178 praedestinatione,
3117 3122 3250 3166 non
3267 3113 3469 3168 tamen
3487 3125 3553 3170 ex
3566 3107 3641 3168 illa
3657 3108 3716 3168 ha·

2271 3189 2379 3254 bet
2407 3207 2484 3252 ea
2514 3211 2654 3274 queo
2683 3195 3005 3276 pertinent
3040 3197 3124 3260 ad
3143 3215 3288 3265 esse
3313 3200 3642 3282 (simpliciter,
3661 3200 3714 3260 rel

2276 3283 2730 3352 beatitudinem
2781 3287 3146 3374 simpliciter
3185 3293 3380 3374 ipsius
3421 3293 3594 3366 Verbi.
3621 3293 3714 3352 sicu:

2273 3393 2390 3456 per
2427 3378 2603 3442 illam
2628 3379 3011 3447 locutionem
3037 3383 3324 3448 absolute
3347 3383 3552 3448 dictam
3569 3383 3712 3464 sigulfi
3758 3441 3759 3450 ,

2274 3476 2472 3532 catur.
2503 3471 2682 3534 Unde
2705 3492 2783 3536 ex
2803 3475 3128 3557 principiis
3149 3477 3477 3540 diatonum
3499 3483 3713 3558 potestas·

2274 3561 2507 3644 signari
2547 3564 2906 3630 differentia
2951 3569 3118 3632 inter
3163 3570 3280 3633 has
3324 3571 3712 3652 propositiones:

2291 3655 2561 3732 Verbum,
2607 3663 2715 3722 aut
2741 3658 3028 3726 Christus
3049 3667 3144 3728 ost
3161 3665 3606 3744 precaminum,
3625 3679 3713 3722 nam

2273 3748 2741 3828 praedestinatio
2775 3770 2920 3814 cum
2961 3754 3275 3836 significet
3313 3763 3503 3820 actum
3540 3756 3710 3827 enims,

2273 3842 2544 3924 applicat
2575 3864 2762 3908 suum
2795 3847 3213 3928 significatum
3244 3849 3503 3932 subjecto
3535 3849 3714 3912 formali-

2273 3942 2369 3998 ter
2411 3945 2702 4020 sumpto;
2753 3941 2950 4020 uude,
3005 3963 3150 4005 cum
3189 3945 3270 4007 de
3297 3943 3514 4009 Christo
3551 3945 3710 4014 dicitur,

2271 4030 2438 4094 cadit
2473 4032 2540 4094 in
2581 4035 2812 4113 ipsum,
2851 4043 2921 4098 ut
2959 4037 3308 4102 subsistens
3347 4046 3434 4102 est
3461 4040 3521 4100 in
3551 4038 3712 4100 duabu

2269 4125 2534 4202 naturiS,
2565 4129 2740 4206 quia,
2767 4134 2837 4192 ut
2863 4130 2976 4206 sic,
3007 4149 3158 4194 vere
3183 4139 3281 4196 est
3303 4132 3708 4216 praedestinatus;

2269 4238 2414 4281 cum
2452 4239 2600 4284 vero
2632 4222 2859 4286 dicitur
2881 4223 2962 4287 de
2991 4225 3147 4288 Filio
3179 4227 3312 4304 Dei,
3347 4229 3553 4290 videtur
3571 4227 3630 4287 illi
3649 4225 3710 4284 tri·

2269 4313 2378 4376 bui
2418 4315 2766 4380 secundum
2812 4336 2906 4396 se,
2955 4326 3020 4382 et
3057 4319 3202 4386 ideo
3241 4321 3308 4386 in
3343 4322 3526 4404 rigore
3545 4322 3708 4384 nenc‘i

2271 4428 2422 4473 vera
2463 4410 2716 4488 locutio,
2769 4412 2889 4478 nisi
2933 4413 3205 4480 addatur
3244 4415 3644 4482 determinatio.
3671 4415 3708 4474 ί*

2271 4511 2563 4586 quantum
2593 4507 2785 4572 homo.

2353 4598 2412 4660 6.
2457 4597 2605 4662 Dico
2633 4606 2858 4680 quarto
2885 4621 2900 4661 τ
2937 4621 3081 4666 cum
3109 4605 3404 4670 relatione
3425 4603 3500 4668 nd
3525 4601 3702 4678 eli-luem

2269 4693 2607 4754 terminum
2636 4694 2756 4756 dici
2785 4701 2996 4774 potest
3021 4695 3321 4772 Verbum,
3359 4717 3457 4762 seu
3477 4693 3622 4758 Filius
3633 4689 3698 4754 Del

2269 4802 2406 4848 esse
2435 4786 2914 4865 praedestinatus
2937 4789 3022 4852 ab
3048 4797 3287 4852 ‚aeterno
3299 4834 3322 4865 ,
3351 4789 3488 4852 utin
3515 4793 3698 4862 tempore

2265 4875 2378 4939 fiat
2405 4879 2617 4942 home.
2645 4880 2738 4944 lta
2767 4880 2952 4944 docet
2977 4885 3049 4946 D.
3081 4882 3302 4948 Thom.
3331 4881 3446 4956 hic,
3471 4885 3566 4944 art.
3587 4879 3632 4945 Ξ.
3649 4873 3700 4934 ²¹1

2265 4971 2648 5050 secundum;
2679 4972 2950 5054 Mensis,
2979 4976 3178 5050 scot..
3209 4976 3393 5041 etalii
3409 4989 3560 5056 supra
3575 4968 3698 5032 citati·

2261 5062 2335 5126 Et
2355 5064 2512 5130 ratio
2533 5071 2652 5144 est,
2679 5067 2828 5148 quia
2850 5066 3246 5150 designando
3265 5069 3430 5132 illum
3445 5064 3698 5134 terminum,

2262 5158 2411 5219 satis
2435 5158 2781 5238 explicatur
2792 5159 3068 5223 Verbum
3095 5179 3225 5223 non
3249 5155 3698 5242 simpliciterades·

2261 5267 2350 5326 se,
2379 5250 2478 5314 vel
2505 5250 2588 5314 ad
2613 5252 3070 5318 beatitudinem
3099 5255 3312 5332 Verbi,
3333 5253 3436 5318 sed
3455 5245 3694 5314 secundm!

2260 5342 2412 5422 quid
2445 5361 2586 5408 esse
2612 5347 3153 5428 praedestinatum,
3198 5356 3271 5411 ut
3301 5348 3376 5414 sit
3397 5349 3564 5424 hemo·
3593 5337 3694 5401 ⁵5⁶¹st

2261 5438 2448 5501 etiam
2486 5437 2614 5504 dici
2658 5447 2862 5522 potest
2899 5443 3397 5522 preordinatum,
3437 5443 3493 5500 ut
3528 5431 3692 5496 uniant
