3892 6167
1361 366 1678 421 mspn'rAT.
1714 364 1835 421 tvl.
1869 368 2038 422 SECT.
2075 370 2136 423 11.

207 472 275 529 7.
326 470 404 531 Et
427 468 610 547 juxta
637 466 925 530 eamdem
965 468 1202 548 optime
1228 469 1595 549 intelligitur
1618 468 1708 531 Io·

117 580 243 625 cus
280 561 631 633 Ambrosii,
682 568 837 626 orat.
874 562 953 624 de
997 562 1183 625 Obitu
1224 563 1563 638 Theodos,
1597 562 1705 624 ubi

116 656 301 718 inter
322 656 525 719 multa
546 654 667 719 alia
695 659 912 717 notatu
937 654 1151 736 digna,
1200 674 1341 736 qnae
1382 657 1461 719 de
1502 656 1703 721 crucis

116 750 508 815 adoratione
552 756 798 825 tractat,
827 767 1024 832 agens
1066 752 1147 815 de
1198 752 1461 827 Helena,
1510 750 1702 817 Cons-

114 844 367 907 tantini
398 848 626 922 matre,
649 845 739 909 sie
771 844 973 924 inquit
1001 861 1019 909 ε
1044 846 1583 917 summitatum,
1608 865 1705 909 re-

114 957 259 1019 yem
302 938 631 1018 adoravit,
666 956 785 1003 non
809 938 1068 1021 liqnum,
1131 939 1275 1023 qnia
1315 941 1410 1004 Ῑιὶο
1450 938 1705 1021 yentizis

114 1038 211 1097 est
242 1050 431 1097 error
448 1058 474 1107 ,·
499 1032 605 1099 sed
639 1033 915 1097 adoravit
960 1032 1135 1097 illum
1176 1034 1283 1117 qni
1332 1034 1607 1117 pependit
1636 1035 1703 1097 in

112 1126 327 1207 ligno·
377 1126 495 1191 Ubi
545 1126 825 1206 loquitur
870 1125 951 1189 de
1002 1127 1279 1209 perfecta
1336 1124 1699 1189 adoratione

112 1220 365 1289 latriae,
398 1222 463 1281 et
483 1219 793 1289 absoluta.
815 1226 877 1282 et
905 1220 985 1283 de
1014 1239 1086 1284 re
1107 1240 1220 1301 per
1240 1238 1309 1283 se
1336 1220 1536 1301 primo
1554 1219 1700 1283 ado-

112 1318 261 1375 rata
296 1332 315 1386 ;
350 1331 480 1375 non
508 1330 659 1375 vero
694 1320 887 1395 negat
919 1331 1171 1377 crucem
1208 1315 1701 1379 concomitanter

114 1406 225 1469 vel
248 1407 607 1489 respective
632 1406 881 1471 adorari
909 1426 1117 1489 posse.
1146 1408 1324 1471 Unde
1362 1406 1527 1469 infra
1557 1408 1702 1469 sub·

119 1498 217 1561 dit
244 1520 257 1561 :
298 1499 573 1580 Sapiens
600 1500 864 1575 Helena,
886 1518 1017 1583 quoe
1046 1519 1278 1566 erneem
1304 1502 1372 1564 in
1399 1500 1591 1583 eapite
1613 1520 1702 1565 re-

114 1610 265 1673 qum
298 1593 553 1665 levavit,
586 1600 657 1657 ut
692 1611 847 1658 eru-n
873 1595 942 1657 in
965 1593 1212 1675 reyibue
1239 1592 1522 1659 adoretur
1536 1618 1559 1666 ,·
1581 1612 1703 1659 non

116 1684 459 1751 insolentia
485 1685 634 1763 ista,
662 1686 769 1751 sed
783 1688 983 1766 pietas
1009 1692 1122 1763 ert,
1152 1705 1287 1751 eum
1306 1686 1581 1765 defertur
1599 1706 1703 1751 aa·

116 1796 243 1841 croe
264 1778 665 1859 redemptioni
674 1806 699 1853 ,·
744 1786 807 1843 et
844 1780 1006 1842 infra
1039 1799 1054 1841 :
1092 1778 1251 1845 Ecce
1299 1785 1356 1843 et
1386 1780 1595 1843 clavus
1635 1781 1703 1843 in

118 1874 359 1939 honore
379 1878 489 1949 eet,
512 1877 676 1955 ferro
694 1872 915 1959 pedum
944 1876 1076 1957 ejm
1102 1890 1272 1955 reyes
1297 1871 1697 1939 inclinantur.

534 2126 537 2133 Ι
766 2058 984 2113 sscrto
1014 2060 1077 2114 n.

184 2183 391 2241 Utrum
414 2183 601 2241 emis
628 2184 809 2256 imaqo
830 2182 1121 2241 retinenda
1152 2184 1226 2239 sit
1254 2189 1309 2241 et
1326 2181 1633 2241 adoranda.

205 2342 271 2403 1.
322 2338 501 2401 Ratio
540 2336 867 2400 dubitandi
899 2354 1037 2399 esse
1081 2342 1311 2419 potest,
1341 2336 1491 2417 quia
1540 2354 1692 2398 crux

120 2454 257 2497 non
286 2438 697 2515 repraesentat
734 2432 1009 2511 aliquam
1044 2449 1381 2513 personam
1422 2448 1688 2506 sacram,

124 2528 243 2591 sed
288 2529 495 2591 solum
525 2545 669 2591 eam
716 2544 967 2589 erucem
1008 2526 1069 2587 in
1107 2544 1234 2605 qua
1270 2525 1549 2587 Christus
1580 2542 1693 2603 pe·

126 2622 353 2702 pendit
381 2642 398 2695 ;
428 2639 579 2703 ergo
606 2638 737 2683 non
762 2626 859 2683 est
890 2620 953 2681 in
987 2637 1063 2683 ea
1083 2618 1401 2682 sufficiens
1431 2618 1586 2681 ratio
1613 2618 1693 2679 ob

124 2734 327 2797 quam
362 2714 683 2777 adoretur.
731 2713 899 2776 Alias
945 2714 1132 2775 etiam
1167 2713 1416 2787 clavae,
1455 2712 1553 2775 vel
1586 2712 1697 2774 ssa·

125 2812 371 2894 gellum
401 2818 465 2875 et
492 2808 721 2873 similia
752 2809 1003 2873 adorari
1054 2815 1333 2889 possent,
1386 2814 1699 2889 quatenus

122 2910 605 2987 repraesentant
645 2902 800 2966 alias
828 2921 930 2967 res
956 2903 1216 2978 simileS,
1243 2900 1473 2982 quibus
1498 2900 1699 2963 Chris-

126 3009 240 3065 tus
271 2998 576 3083 supplicio
605 3000 867 3063 aflectus
900 3004 1033 3073 θεὶς
1068 2998 1193 3061 imo
1224 2996 1518 3079 quaelibet
1542 2996 1698 3077 ligni

128 3092 466 3175 particula,
520 3098 832 3173 quatenus
880 3096 1333 3173 repraesentare
1374 3094 1576 3171 potest
1619 3086 1697 3149 si-

133 3186 355 3249 milem
381 3192 617 3267 partem
651 3203 818 3249 verae
844 3184 1047 3248 crucis
1076 3182 1321 3261 Christi,
1371 3181 1695 3245 adoranda

128 3286 257 3342 est.
294 3278 552 3361 Propter
600 3279 769 3343 hanc
816 3279 1081 3343 fortasse
1134 3294 1416 3352 causam,
1470 3280 1696 3357 praeter

126 3373 462 3437 haereticos
476 3390 665 3455 supra
689 3372 934 3450 citatos,
960 3370 1093 3455 AEgi
1101 3370 1239 3434 dius
1256 3368 1569 3451 Hispanus
1585 3386 1695 3429 ne-

126 3468 305 3548 gavit
352 3484 609 3531 crucem
659 3484 796 3531 esse
826 3465 1241 3541 adorandam,
1285 3464 1394 3545 qui
1439 3468 1694 3544 propter

126 3562 304 3624 hunc
336 3569 401 3624 et
423 3559 581 3625 alios
620 3578 865 3625 errores
904 3559 1143 3641 Hispali
1171 3558 1507 3621 damnatus
1534 3560 1649 3618 est.

214 3658 275 3718 2.
299 3653 519 3723 Crucis
529 3654 739 3719 erectio
764 3653 1005 3739 sianum
1017 3650 1283 3735 expulsae
1299 3650 1686 3715 idololatria».

122 3781 215 3799 ·-
238 3747 455 3816 Crucis
490 3748 766 3833 dianitae
796 3754 853 3813 et
881 3744 1203 3814 veneratio.
1230 3780 1311 3792 -
1346 3743 1692 3807 Dicendum

125 3847 230 3905 est
266 3860 417 3925 ergo
445 3860 635 3905 usum
683 3840 888 3906 crucis
946 3859 1063 3922 per
1090 3838 1349 3902 modum
1402 3836 1694 3915 imaginis

123 3935 359 3999 Christi
414 3934 687 4000 crucifixi
720 3980 737 4010 ,
798 3953 989 4015 quam
1046 3931 1363 3999 Catholica
1420 3930 1695 3993 Ecclesia

124 4046 384 4111 semper
414 4030 641 4107 tenuit,
683 4029 1021 4093 honestum
1052 4036 1117 4091 et
1144 4026 1507 4107 religiosum
1529 4042 1691 4087 esse.

127 4124 281 4186 Haec
304 4124 539 4189 veritas
566 4121 787 4185 deiide
814 4119 1201 4199 est,definita
1224 4121 1287 4182 in
1306 4120 1386 4183 VI
1414 4118 1693 4200 synode,

125 4236 281 4283 can.
334 4220 454 4292 733
513 4216 619 4281 VII
648 4216 929 4299 Synodo,
976 4222 1096 4279 aet.
1140 4219 1214 4289 73
1252 4214 1381 4277 VIII
1413 4212 1692 4295 synode,

128 4330 280 4376 can.
314 4315 375 4376 3.
404 4311 553 4384 Quae
568 4310 965 4392 potissimum
993 4307 1334 4391 apostolica
1361 4306 1697 4370 traditione

128 4406 399 4470 fundata
424 4412 545 4485 est,
593 4403 675 4469 de
720 4420 848 4485 qua
894 4402 1021 4485 legi
1073 4406 1282 4485 potest
1332 4402 1458 4465 Leo
1499 4400 1693 4482 Papa,

128 4517 329 4563 serm.
360 4500 401 4563 8
430 4498 509 4563 de
540 4497 837 4562 Passione
868 4516 886 4572 3
912 4498 1104 4572 Iren„
1125 4496 1170 4559 1.
1199 4499 1228 4558 1
1265 4500 1482 4559 contra
1510 4493 1694 4568 haer„

128 4612 191 4655 c.
218 4592 627 4669 243'1'ertu1„
664 4590 731 4654 in
788 4590 1083 4670 Apolog.,
1113 4607 1169 4653 c.
1203 4590 1283 4651 16
1299 4605 1322 4667 3
1348 4588 1695 4670 chrysost„

128 4703 325 4749 serm.
360 4689 391 4748 1
427 4691 492 4749 et
514 4684 555 4747 2
600 4683 682 4747 de
711 4680 966 4746 Adorat.
1008 4682 1254 4760 crucis3
1285 4681 1518 4763 optime
1552 4681 1698 4744 Am-

132 4779 413 4855 brosius,
444 4795 637 4841 serm.
669 4778 794 4841 56:
828 4774 1017 4841 Sient
1058 4775 1261 4852 navis,
1312 4774 1539 4855 inquit,
1568 4776 1701 4839 sine

134 4872 373 4945 arbore,
391 4870 487 4937 ita
511 4870 793 4937 Ecclesia
810 4869 944 4933 eine
966 4885 1137 4933 eruce
1154 4872 1319 4934 stare
1344 4886 1464 4932 non
1476 4873 1700 4951 potem

134 4973 199 5029 et
232 4964 439 5028 infra:
483 4964 603 5030 Ubi
627 4965 877 5045 signum
925 4960 1121 5027 erneis
1172 4962 1454 5045 eripitur,
1487 4962 1704 5026 rtatim

135 5069 195 5125 et
232 5058 455 5125 diaboli
490 5059 794 5143 iniqnitas
847 5056 1183 5139 effnyatur.
1246 5052 1425 5119 Unde
1467 5054 1703 5117 factum

136 5156 353 5227 estut,
381 5170 526 5215 cum
554 5148 783 5215 alicubi
802 5148 1215 5231 Evangelium
1245 5147 1327 5211 de
1350 5165 1513 5211 novo
1544 5144 1704 5229 prae'-

134 5244 406 5320 dicatur,
437 5244 714 5327 primum
744 5244 993 5326 signum
1046 5239 1421 5305 introductae
1460 5240 1610 5303 fidei
1638 5246 1703 5303 et

136 5338 425 5420 expulsae
451 5337 841 5413 idololatriae,
882 5335 960 5400 sit
983 5336 1185 5399 erucis
1232 5335 1485 5399 erectio.
1522 5332 1699 5407 Quod

176 5438 205 5495 t
232 5431 465 5495 nostris
487 5432 879 5514 temporibus
924 5430 1245 5495 observari
1303 5430 1611 5509 fidemne,
1637 5434 1699 5493 et

139 5534 424 5608 tempore
464 5525 655 5589 etiam
696 5522 1081 5591 Constantini
1128 5523 1343 5605 Magni
1396 5522 1698 5604 singulari

3228 375 3342 441 661

1786 468 1894 531 Dei
1916 470 2308 549 providentia
2335 475 2572 539 factum
2597 476 2889 557 legimus.
2931 480 3148 545 Statim
3181 482 3350 547 enim

1786 580 1859 625 ac
1903 564 2347 629 Constantinus
2377 567 2568 633 fidem
2610 572 2873 649 accepit,
2925 574 3350 639 Romanorum

1782 654 2077 717 vexillum
2127 658 2188 719 in
2223 657 2718 725 Christianorum
2769 682 3020 729 crucem
3058 669 3345 747 mutavit,

1783 754 1851 813 ut
1872 751 2126 815 Nazian.
2146 752 2354 830 refert,
2375 763 2534 820 orat.
2569 760 2633 831 3,
2655 777 2721 821 n.
2751 762 2854 836 27;
2881 768 2942 824 et
2971 763 3228 835 Euseb.,
3245 765 3288 827 l.
3310 769 3343 828 1

1785 844 1866 911 de
1890 848 2028 911 Vita
2059 848 2446 917 Constantini
2477 873 2496 927 ;
2533 856 2891 928 Sozomen.,
2919 855 2960 919 l.
3007 860 3037 919 1
3077 858 3265 935 Ηὶεῑ.,
3287 877 3346 921 c.

1783 947 1852 1015 4;
1882 942 2240 1023 Nicephor.‚
2264 945 2374 1008 lib.
2398 952 2460 1021 7,
2485 950 2674 1031 capit.
2701 949 3027 1029 trigesimo
3057 952 3346 1031 septimo,

1785 1040 1866 1098 47
1912 1042 1974 1099 et
2002 1041 2102 1101 49.
2134 1039 2388 1103 Addunt
2431 1042 2622 1105 etiam
2661 1042 2892 1105 Euseb.
2929 1061 3144 1125 supra,
3199 1044 3244 1107 1.
3304 1047 3345 1108 9

1784 1128 2044 1207 Biston,
2077 1150 2132 1193 c.
2165 1135 2286 1195 9et
2311 1136 2424 1209 10,
2459 1141 2522 1198 et
2556 1135 2814 1215 Niceph.
2867 1155 3080 1217 supra,
3113 1138 3246 1199 etl.
3278 1141 3342 1215 8,

1782 1240 1838 1285 c.
1863 1226 1923 1294 3,
1958 1224 2126 1287 idem
2149 1224 2400 1307 signum
2430 1230 2632 1292 crucis
2659 1229 3066 1293 Constantino
3095 1230 3158 1293 in
3184 1231 3346 1294 coelo

1782 1318 2169 1397 apparuisse,
2193 1337 2466 1400 eumque
2491 1340 2785 1385 securum
2814 1323 2896 1386 de
2925 1324 3182 1387 victoria
3201 1343 3348 1388 con·

1783 1412 1881 1471 tra
1930 1410 2313 1474 Maxentium
2374 1414 2742 1489 reddidisse,
2788 1416 3057 1497 ideoque
3095 1417 3254 1481 illud
3281 1420 3346 1479 in

1783 1502 1988 1567 fronte
2031 1523 2144 1567 sua
2173 1508 2483 1585 posuisse.
2517 1510 2644 1571 Nec
2697 1510 2996 1573 dissimile
3054 1517 3148 1573 est
3175 1510 3354 1589 quod

1786 1597 2054 1677 Prosper
2080 1598 2273 1661 refert
2300 1601 2601 1665 accidisse
2653 1601 2921 1667 Arcadio
2956 1603 3343 1682 imperatori,

1784 1688 1892 1752 lib.
1921 1690 2000 1753 de
2021 1691 2528 1757 Praedietionibus
2564 1702 2628 1759 et
2665 1696 3180 1776 promissionibus
3207 1697 3344 1771 Dei,

1781 1802 1847 1864 p.
1881 1787 1940 1857 1,
1973 1802 2030 1847 c.
2054 1786 2153 1858 34,
2185 1785 2289 1847 ubi
2328 1788 2534 1867 inquit
2581 1797 2836 1871 propter
2879 1788 3044 1853 hanc
3087 1808 3344 1853 causam

1784 1877 2124 1941 Arcadium
2159 1898 2382 1944 aureos
2423 1900 2720 1945 nummos
2759 1901 2947 1946 cruce
2993 1884 3344 1965 consignari

1780 1972 2180 2051 praecepisse.
2215 1972 2632 2037 confirmatur
2676 1978 2814 2038 haec
2856 1976 3130 2039 traditio·
3187 1978 3344 2052 Quia

1781 2068 2026 2128 constat
2051 2083 2128 2127 ex
2171 2066 2474 2142 historiiS,
2503 2072 2650 2131 ante
2679 2069 2850 2131 mille
2901 2070 3208 2133 ducentos
3235 2089 3344 2132 an·

1779 2175 1915 2231 nos,
1939 2157 2134 2221 fuisse
2163 2160 2228 2222 in
2267 2161 2548 2225 Ecclesia
2599 2163 3119 2226 consuetudinem
3169 2162 3344 2226 defe-

1776 2250 1958 2315 rendi
1987 2252 2051 2314 in
2094 2252 2362 2334 publicis
2397 2255 2902 2336 processionibus
2948 2274 3199 2320 crucem
3242 2275 3342 2320 ar-

1776 2352 2073 2423 genteam
2088 2347 2254 2409 inter
2276 2364 2494 2411 cereos
2514 2367 2832 2413 accensos.
2858 2350 3056 2422 Quam
3085 2368 3342 2413 eonsue-

1772 2438 2059 2501 tudinem
2076 2439 2354 2504 defendit
2375 2441 2561 2523 Cyril.
2570 2488 2592 2519 ,
2614 2443 2658 2504 l.
2685 2444 2724 2505 6
2747 2448 2962 2505 contra
2979 2444 3016 2507 J
3023 2442 3156 2519 uli„
3175 2443 3342 2507 circa

1772 2532 2004 2611 princ„
2032 2540 2098 2595 et
2124 2534 2406 2599 referunt
2421 2537 2588 2613 Snz„
2609 2534 2656 2600 1.
2691 2538 2754 2611 8,
2784 2556 2840 2601 c.
2869 2540 2970 2607 ¹8:
2991 2544 3052 2601 et
3069 2538 3272 2613 Socr.,
3292 2538 3336 2601 1.

1774 2628 1835 2697 6,
1862 2643 1919 2687 c.
1949 2629 2008 2689 8.
2047 2626 2332 2706 Denique
2357 2635 2508 2691 ante
2532 2632 2898 2695 Passionem
2918 2629 3142 2695 Christi
3195 2630 3344 2693 data

1780 2726 1927 2782 sunt
1949 2720 2130 2800 signa
2153 2728 2216 2783 et
2233 2721 2452 2803 figuroe
2481 2724 2686 2787 crucis
2711 2726 2870 2804 ejus,
2896 2743 3026 2787 non
3055 2725 3260 2787 solum
3276 2725 3339 2786 in

1780 2811 2094 2893 Scriptura
2109 2832 2313 2894 sacra,
2337 2822 2410 2879 ut
2435 2834 2552 2897 per
2573 2836 2644 2881 se
2667 2824 2933 2889 constat,
2959 2824 3022 2881 et
3041 2816 3168 2881 late
3196 2834 3344 2880 con·
3446 2825 3454 2835 '

1779 2906 1941 2987 gerit
1965 2906 2162 2971 Jonas
2176 2909 2526 2985 Aurelian„
2549 2912 2596 2973 l.
2631 2916 2664 2975 1
2689 2912 2768 2975 de
2785 2911 3076 2993 Imagin„
3093 2912 3158 2973 in
3185 2911 3338 2985 fine,

1782 3006 1843 3061 et
1868 2999 1912 3063 1.
1945 3002 2010 3077 Ξ,
2038 3001 2105 3063 in
2137 3004 2440 3086 princip.;
2473 3005 2586 3069 sed
2613 3006 2802 3069 etiam
2828 3005 2994 3068 inter
3017 3003 3340 3081 Ethnicos,

1780 3099 1849 3155 ut
1881 3093 1961 3155 de
1987 3092 2958 3180 AEgyptiisreferuntNicephor.,
2984 3098 3124 3163 l.12
3155 3098 3339 3171 nist„

1778 3204 1833 3250 c.
1860 3188 1939 3249 26
1967 3206 1984 3259 ;
2013 3195 2076 3250 et
2101 3188 2361 3264 Ruffin.,
2395 3189 2440 3253 1.
2468 3195 2532 3269 2,
2587 3210 2644 3253 c.
2677 3194 2757 3255 29
2786 3211 2802 3266 ;
2832 3192 2985 3273 quid
3034 3209 3186 3273 ergo
3224 3189 3342 3253 mi·

1772 3297 1917 3343 rum
1934 3281 2110 3361 quod
2137 3282 2414 3347 Ecclesia
2439 3283 2754 3349 Catholica
2775 3285 3118 3367 imaginem
3139 3284 3342 3348 crucis

1774 3390 2028 3454 semper
2061 3374 2371 3438 retineat?
2397 3376 2745 3439 Praesertim
2773 3394 2944 3454 cum,
2979 3376 3198 3441 Matth.
3230 3380 3336 3453 24,

1774 3464 1855 3529 de
1886 3465 1990 3529 die
2014 3466 2236 3547 judicii
2253 3468 2540 3547 legamus
2568 3469 2640 3531 in
2667 3487 2744 3532 eo
2793 3471 3228 3551 appariturum
3254 3469 3338 3531 si·

1776 3578 1972 3642 gnum
1992 3560 2102 3623 filii
2129 3561 2425 3639 hominis,
2455 3561 2524 3623 id
2559 3565 2678 3637 est,
2708 3579 2988 3639 crucem,
3019 3566 3088 3625 ut
3113 3560 3336 3625 Christi

1774 3654 2074 3717 vexillum
2103 3654 2183 3717 ab
2209 3654 2499 3719 omnibus
2521 3654 2940 3728 adorandum,
2967 3658 3038 3717 ut
3081 3652 3338 3737 exponit

1774 3747 2023 3829 Chrys„
2054 3747 2230 3810 hom.
2260 3750 2337 3812 87
2376 3749 2546 3831 apud
2567 3748 2814 3822 matth..
2847 3747 2953 3828 qui
2983 3746 3131 3811 dicit
3175 3744 3340 3809 futu·

1775 3858 1912 3902 ram
1940 3838 2116 3902 illam
2141 3858 2394 3904 crucem
2422 3842 2554 3905 sole
2585 3839 3103 3923 splendidiorem,
3119 3838 3342 3902 obscu-

1777 3938 1953 3995 ratur
1966 3932 2134 3995 enim
2151 3934 2270 4009 sol,
2289 3940 2350 3997 et
2368 3952 2522 3997 crux
2541 3940 2826 4017 apparet.
2846 3932 2994 4005 Quoe
3011 3932 3129 3994 fuit
3148 3931 3338 3994 etiam

1778 4028 2092 4091 sententia
2118 4029 2518 4107 Damasceni,
2538 4029 2581 4093 1.
2609 4027 2744 4091 «ide
2759 4027 2934 4103 Fide,
2949 4045 3007 4091 c.
3041 4028 3118 4089 12
3143 4031 3207 4089 et
3232 4028 3334 4105 17,

1778 4126 1843 4183 et
1873 4127 2033 4183 orat.
2057 4125 2087 4184 1
2124 4121 2204 4183 de
2223 4121 2486 4202 Imagin.
2515 4141 2532 4197 ;
2571 4124 2860 4201 August„
2889 4138 3079 4185 serm.
3111 4120 3232 4185 130
3257 4117 3338 4183 de

1774 4216 2026 4294 Temp.,
2056 4215 2222 4279 circa
2251 4214 2446 4277 finem
2477 4235 2496 4290 ;
2530 4215 2872 4297 Hippolyti,
2895 4220 3054 4279 orat.
3078 4212 3159 4277 de
3177 4214 3340 4277 Con-

1776 4308 2196 4373 summatione
2215 4306 2456 4385 mundi,
2475 4315 2626 4373 tom.
2647 4313 2681 4371 ’ἲ
2699 4308 2990 4373 Biblioth.
3009 4324 3030 4387 3
3046 4307 3306 4371 Hieron.
3319 4351 3336 4385 ,

1780 4407 1844 4465 et
1870 4400 2166 4479 aliorum,
2193 4419 2354 4485 quos
2379 4400 2577 4465 refert
2602 4401 2958 4477 Waldens.,
2985 4408 3034 4465 t.
3063 4404 3102 4464 3
3123 4398 3203 4465 de
3231 4400 3342 4465 Sa·

1779 4496 2255 4573 eramental.,c.
2296 4497 2436 4570 158,
2464 4495 2576 4559 ubi
2622 4513 2697 4559 ex
2725 4494 3073 4579 chrysost„
3117 4494 3336 4559 homil.

1779 4588 1861 4653 de
1889 4588 2084 4653 Cruce
2114 4595 2177 4653 et
2212 4588 2652 4663 latrone,dieit
2687 4589 2862 4652 illam
2888 4607 3163 4662 crucem,
3193 4605 3339 4669 quae

1780 4683 1847 4745 in
1885 4681 1988 4744 die
2019 4680 2244 4762 judicii
2285 4683 2636 4764 apparebit,
2663 4682 2940 4745 futuram
2985 4700 3124 4745 esse
3165 4680 3341 4743 illam

1783 4774 2070 4839 eamdem
2095 4775 2161 4837 in
2190 4794 2315 4857 qua
2339 4776 2616 4841 Christus
2644 4774 2966 4859 pependit,
2985 4772 3343 4855 quodpiam

1786 4876 1901 4945 est,
1932 4870 2049 4934 sed
2073 4870 2408 4935 incertum.

1866 4966 1924 5027 3.
1969 4960 2270 5030 Adoratio
2294 4964 2497 5031 erneis
2526 4963 2959 5047 qualia—Ex
2985 4959 3216 5043 quibus
3245 4978 3346 5023 sav

1786 5060 1867 5120 tis
1902 5064 2185 5134 constat,
2214 5057 2335 5121 hoc
2368 5059 2571 5121 crucis
2601 5057 2850 5138 signum
2879 5056 3103 5119 merito
3139 5054 3205 5117 in
3235 5056 3351 5118 Ec·-

1785 5150 1978 5213 clesia
2007 5151 2282 5229 adorari3
2309 5157 2403 5214 est
2432 5150 2602 5215 enim
2635 5168 2736 5213 res
2767 5168 2969 5224 sacra,
2997 5146 3168 5211 etad
3189 5147 3344 5211 divi·

1782 5262 1937 5306 num
1975 5244 2214 5307 cultum
2253 5250 2567 5326 spectans.
2611 5244 2874 5326 Propter
2910 5241 3082 5324 quod
3120 5242 3343 5305 merito

1781 5338 2075 5403 Sedulius
2123 5338 2350 5402 cecinit
2392 5355 2409 5400 ε
2455 5338 2626 5405 Neve
2651 5339 2788 5421 quie
2828 5338 3067 5417 iquoret
3091 5336 3345 5419 speeiem

1781 5434 1982 5499 erucis
2008 5451 2132 5497 esse
2160 5432 2486 5497 colendam.
2515 5434 2593 5495 Et
2628 5434 2886 5513 Rupert.
2921 5428 3084 5493 Abb.
3108 5473 3130 5507 ,
3151 5427 3266 5491 lib.
3299 5430 3340 5493 6

1778 5524 1859 5589 de
1878 5526 2080 5591 Divin.
2105 5524 2309 5601 offic„
2334 5543 2392 5590 c.
2425 5530 2466 5589 9
2494 5530 2556 5591 et
2584 5526 2655 5589 21
2688 5524 3073 5592 :Adoramne
3096 5521 3348 5603 (inquit)
