3892 6167
1415 334 1734 390 msPU'rA'r.
1769 333 1892 388 le.
1924 335 2095 390 SECT.
2132 337 2217 392 in.

179 429 591 512 imaginihus
643 433 947 492 tractasse
998 447 1072 492 ac
1127 429 1440 496 definiisse
1491 435 1728 516 aliquid
1751 481 1768 507 ,

175 543 357 585 narn
403 525 526 587 hoc
571 523 844 585 liistoriae
885 524 1204 598 referunt;
1235 526 1390 604 quid
1432 547 1578 592 vero
1621 529 1774 592 illud

177 619 429 694 fuerit,
460 636 594 680 non
639 616 864 680 eodem
893 617 1081 680 modo
1113 618 1458 697 declarant,
1491 623 1638 702 quia
1665 641 1768 684 ne-

175 729 332 790 que
361 712 430 773 in
457 710 734 774 historiis
763 710 912 772 satis
946 709 1356 788 declaratum,
1385 732 1596 795 neque
1624 734 1770 794 pars

175 806 310 868 illa
344 808 480 886 ejus
507 803 768 870 Concilii
789 804 856 865 in
883 821 1008 884 qua
1035 805 1114 868 de
1154 807 1538 888 imaginibus
1563 815 1771 873 actum

179 908 328 978 est,
373 905 592 962 exstat.
641 898 864 961 Dicunt
903 918 1054 982 ergo
1099 901 1380 981 quidam,
1425 903 1770 967 Concilium

183 993 772 1056 Francot'ordiense
813 993 1149 1058 damnasse
1177 995 1434 1074 quidem
1458 998 1770 1060 Nicoenam

179 1089 284 1167 Sy
293 1087 556 1164 nodum,
579 1090 644 1149 ot
667 1087 880 1165 quoad
899 1089 1062 1150 hanc
1081 1097 1326 1169 partem
1351 1107 1619 1168 errasse,
1643 1111 1770 1154 non

182 1187 422 1242 tamen
459 1182 526 1241 in
566 1180 850 1242 doctrina
877 1180 1048 1258 fidei,
1075 1182 1192 1244 sed
1229 1183 1432 1246 solum
1473 1186 1538 1246 in
1579 1186 1767 1264 facto,

175 1276 356 1355 quia
383 1291 514 1338 non
559 1275 712 1336 satis
743 1281 1136 1356 perspectam
1189 1277 1408 1340 habuit
1455 1277 1770 1342 definitio-

177 1385 354 1430 nem
379 1366 620 1448 Synodi
659 1367 1064 1432 Nicaenae.1ta
1107 1371 1302 1432 sensit
1337 1371 1635 1446 Genebr.,
1661 1371 1704 1432 l.
1733 1375 1770 1434 3

175 1462 577 1542 chronogr„
605 1479 756 1525 ann.
775 1465 917 1539 794,
943 1470 1008 1526 et
1028 1465 1284 1540 Bellar„
1312 1466 1354 1528 l.
1382 1469 1420 1528 2
1445 1464 1524 1526 de
1547 1466 1772 1545 Imagi-

179 1557 418 1631 nibus,
459 1574 514 1618 c.
559 1559 660 1631 14,
707 1558 817 1634 qui
857 1559 920 1619 in
956 1558 1147 1620 modo
1189 1559 1550 1622 declarandi
1589 1578 1770 1622 suam

181 1650 584 1711 sententiam
613 1650 820 1712 verbis
857 1650 1106 1714 differre
1141 1652 1458 1725 videntur,
1489 1654 1768 1734 quamvis

179 1744 262 1803 in
293 1761 362 1804 re
385 1741 648 1806 tortasse
661 1744 828 1806 idem
841 1745 1138 1808 sentiant.
1163 1747 1322 1808 Nam
1335 1747 1772 1818 Genebrardus

185 1835 574 1917 simpliciter
617 1838 905 1900 concedit
927 1884 944 1914 ‚
990 1840 1054 1902 in
1093 1841 1364 1904 Concilio
1407 1841 1768 1904 Francofor-

180 1931 407 1993 diensi
433 1931 816 2011 prohibitam
843 1933 1034 1995 fuisse
1075 1933 1422 2016 imaginum
1461 1936 1771 1998 adoratio-

181 2043 378 2100 nem,
405 2025 680 2104 ideoque
711 2025 1024 2089 Nicaenam
1051 2028 1376 2108 Synodum
1403 2029 1762 2104 damnasse,

185 2121 354 2198 quia
399 2119 800 2195 existimavit,
841 2120 1016 2182 illam
1057 2121 1420 2201 hujusmodi
1459 2123 1769 2186 adoratio-

185 2231 348 2274 nem
375 2213 718 2293 imaginum
743 2213 1156 2294 approbasse3
1185 2233 1376 2294 quam
1403 2233 1624 2278 revera
1653 2216 1767 2296 (iu-

187 2307 337 2385 quit
363 2305 834 2385 Genebrardus)
885 2325 1016 2370 non
1057 2309 1364 2386 probavit.
1396 2308 1576 2372 Unde
1615 2327 1769 2372 con-

191 2399 424 2472 cludit,
455 2399 612 2460 illud
639 2396 984 2462 Concilium
1015 2419 1144 2462 non
1173 2418 1418 2464 errasse
1443 2401 1506 2462 iu
1543 2402 1770 2466 doctri-

191 2513 320 2570 na,
355 2492 592 2555 scilicet
613 2538 630 2566 ,
659 2493 1057 2573 reprobando
1083 2494 1431 2574 imaginum
1462 2495 1772 2559 adoratio·

205 2605 386 2662 nem,
413 2586 528 2648 sed
557 2586 621 2647 in
645 2585 836 2663 facto,
868 2587 1014 2666 quia
1043 2606 1171 2649 non
1201 2589 1352 2650 satis
1380 2597 1771 2669 perspectam

197 2679 431 2742 hahuit
444 2679 710 2742 Nicaenae
726 2681 961 2760 Synodi
991 2681 1368 2748 sententiam
1395 2701 1410 2743 :
1443 2685 1612 2750 Nam
1637 2703 1771 2748 aon-

195 2781 310 2838 tra
332 2791 462 2838 eam
485 2771 730 2855 (inquit)
765 2775 858 2838 sic
889 2776 1265 2840 dimicarunt
1293 2777 1534 2852 (Patres
1558 2777 1774 2840 Conci-

187 2871 266 2930 lii
294 2867 708 2949 Francofor.),
741 2887 816 2934 aa
840 2869 901 2934 si
923 2871 1009 2936 ad
1028 2872 1407 2935 statuendam
1431 2874 1773 2953 imayinum

193 2963 624 3027 adorationem
657 2963 1026 3043 simpliciter
1065 2965 1457 3041 incubuisset,
1489 2981 1625 3030 cum
1669 2985 1775 3048 po-

195 3060 341 3121 tius
392 3060 464 3122 de
514 3057 850 3124 retinendis
901 3055 1272 3140 imayinibae
1324 3059 1628 3124 sanxisset
1647 3103 1666 3134 ,
1721 3066 1778 3123 et

191 3153 430 3233 egisset
501 3153 792 3214 adversm
861 3149 1586 3230 Oomtantinopolitanam
1645 3152 1781 3219 VII

191 3245 764 3324 Pseudosynoaum
791 3261 926 3326 quoe
971 3245 1040 3308 de
1061 3243 1198 3308 illis
1239 3246 1690 3326 eonfrinymdis
1721 3252 1779 3310 et

189 3339 446 3400 omniuo
481 3338 762 3401 tollendis
804 3337 990 3420 paulo
1045 3343 1184 3400 anto
1217 3354 1472 3402 canones
1519 3337 1768 3402 tulerat.

189 3430 458 3512 Alioqui
483 3432 610 3495 hoeo
635 3448 768 3494 cam
806 3431 926 3495 illa
949 3431 1106 3495 idom
1148 3430 1330 3510 plane
1344 3431 1656 3510 judicavit
1705 3449 1776 3495 aa

191 3526 420 3588 sensit.
449 3524 599 3599 Quae
627 3522 845 3600 verba,
877 3529 948 3588 ut
971 3524 1186 3604 jacent
1200 3567 1222 3599 ,
1251 3524 1404 3586 mihi
1436 3524 1616 3586 valde
1645 3524 1776 3586 dis-

189 3617 464 3697 plicent,
492 3623 630 3680 tum
671 3617 822 3697 qnia
853 3617 922 3678 in
983 3617 1076 3680 eis
1119 3617 1389 3680 admittit
1419 3618 1520 3682 hic
1553 3625 1775 3680 auctor

199 3709 572 3789 simpliciter
599 3716 666 3774 et
687 3709 996 3787 absolute,
1017 3710 1328 3791 imagines
1353 3710 1612 3790 quidem
1636 3727 1772 3774 esse

197 3805 596 3880 retinendae,
627 3822 756 3866 non
803 3810 1018 3866 tamen
1061 3803 1442 3878 adorandas,
1473 3804 1646 3884 quod
1679 3809 1775 3866 est

197 3896 396 3977 plane
443 3898 707 3975 falsum,
756 3903 828 3960 ut
863 3915 942 3960 ex
981 3897 1164 3960 dictis
1210 3897 1276 3958 in
1330 3896 1450 3958 hac
1495 3897 1772 3960 sectione

159 4045 166 4049 ,
197 3995 466 4053 constat.
501 3993 750 4071 Loquor
781 3996 996 4054 autem
1041 3989 1121 4052 de
1169 3989 1290 4052 illis
1337 3990 1548 4052 verbis
1583 3995 1656 4052 ut
1674 3991 1773 4070 ja-

197 4089 372 4157 cent,
404 4085 550 4164 quia
579 4085 644 4146 in
673 4085 766 4146 eis
793 4083 874 4146 de
905 4082 1276 4146 adoratione
1309 4083 1677 4162 simpliciter
1709 4090 1775 4144 et

197 4176 492 4240 absolute
538 4183 634 4240 est
659 4195 892 4240 sermo.
923 4175 1104 4248 Quod
1149 4176 1204 4238 si
1254 4175 1520 4238 fortasse
1567 4177 1772 4239 Gene-

193 4271 477 4334 brardus
522 4289 638 4353 per
674 4271 1178 4334 antonomasiam
1211 4271 1291 4334 de
1329 4289 1580 4332 summa
1613 4271 1772 4334 ado-

194 4365 446 4426 ratione
477 4370 540 4428 et
569 4364 858 4428 absoluta
883 4365 1096 4439 latria,
1129 4381 1270 4444 quai
1317 4363 1627 4427 divinitati
1655 4364 1772 4425 soli

195 4458 492 4534 debetur,
517 4459 762 4522 locutus
789 4465 908 4535 est,
939 4459 1263 4522 debuisset
1284 4457 1408 4520 hoc
1431 4476 1769 4537 exponere,

193 4553 554 4634 praesertim
583 4569 730 4616 cum
757 4553 863 4615 illa
892 4552 1204 4616 sententia
1231 4551 1310 4614 de
1340 4551 1685 4614 retinendis
1713 4557 1776 4614 et

197 4663 338 4706 non
395 4645 734 4708 adorandis
789 4645 1168 4726 imaginihus
1223 4645 1344 4706 sub
1390 4643 1490 4706 his
1539 4643 1777 4706 eisdem

197 4738 492 4800 terminis
519 4739 708 4802 fuerit
737 4739 800 4799 in
833 4739 1082 4802 Nicaena
1125 4738 1382 4819 Synodo
1417 4738 1770 4819 reprobata.

199 4831 386 4894 Unde
413 4831 612 4895 multo
637 4832 844 4914 magis
871 4832 1028 4896 mihi
1053 4831 1392 4910 displicent
1417 4830 1612 4894 verba
1635 4849 1776 4910 quae

199 4923 418 4984 statim
449 4925 798 5005 subjungit,
821 4924 886 4986 in
907 4924 1136 5006 quihus
1165 4924 1244 4986 de
1271 4924 1448 4986 libris
1472 4922 1776 4986 Carolinis

201 5017 298 5078 sic
329 5017 414 5078 ait
439 5039 454 5078 z
485 5018 740 5083 Passim
761 5019 1073 5084 inciacum
1095 5019 1442 5083 retinendas
1469 5035 1592 5082 osse
1622 5019 1778 5082 ima-

200 5111 380 5190 gines
417 5112 486 5173 in
525 5116 946 5176 ornamentum
983 5110 1280 5175 Ecclesioe
1321 5116 1380 5178 et
1429 5111 1782 5174 mmor-iam

199 5222 410 5268 rorum
451 5211 762 5283 ymarum
778 5231 804 5279 ;
827 5222 1001 5287 saque
1049 5207 1350 5272 duntaxat
1390 5211 1636 5270 armant
1677 5207 1780 5269 ad-

199 5317 416 5364 versus
439 5299 635 5363 nescio
661 5317 844 5383 quam
889 5306 1248 5380 proeteutam
1274 5303 1398 5364 ima
1401 5301 1608 5383 ¹ainwm
1637 5302 1782 5366 ado-

207 5393 542 5466 rationem,
587 5411 766 5474 quam
805 5411 912 5457 nec
939 5393 1204 5460 Nicoena
1243 5395 1381 5475 ipsa
1409 5396 1673 5476 agnovit.
1710 5395 1779 5455 In

211 5484 444 5565 quibus
471 5485 680 5549 verbis
706 5487 892 5567 plane
921 5487 1112 5552 sentit
1139 5489 1242 5552 VII
1281 5488 1606 5566 Synodum
1649 5506 1776 5550 non

1853 437 2057 517 magis
2082 438 2369 502 docuisse
2390 440 2735 520 imaginum
2754 439 3208 518 adorationem,
3228 461 3422 522 quam

1855 531 2385 595 Pseudocarolum
2405 579 2423 612 ,
2456 553 2569 596 seu
2607 534 2721 596 Eli.
2759 533 2965 608 Phili„
2997 535 3063 596 in
3091 534 3267 597 libris
3297 537 3422 598 illis

1853 623 2175 700 carolinis,
2231 645 2393 706 quos
2443 627 2601 690 tanti
2646 627 2886 690 faciunt
2918 628 3189 692 haeretici
3228 629 3420 710 hujus

1855 720 2177 798 temporie,
2209 720 2513 784 Catholici
2538 739 2689 784 vero
2728 740 2984 802 prorsus
3012 722 3325 802 rejiciunt,
3357 730 3421 786 et

1850 810 2166 876 Adrianus
2190 814 2359 894 Papa
2382 832 2461 878 ex
2484 814 2765 895 professo
2788 814 3197 896 impugnavit.
3225 816 3421 880 Aliter

1853 923 2009 986 ergo
2036 907 2377 970 declaravit
2396 908 2563 972 hanc
2592 908 2970 972 sententiam
2992 908 3249 984 Bellar.;
3272 927 3422 972 con-

1853 999 2017 1060 cedit
2042 1001 2209 1062 enim
2234 1001 2561 1080 Synodum
2588 1000 3219 1068 Francot'ordiensem
3242 1002 3419 1064 dam-

1851 1110 2037 1154 nasse
2086 1092 2427 1169 Nicaenam,
2463 1101 2653 1173 atque
2698 1095 2769 1156 in
2814 1096 2935 1159 hoc
2983 1112 3253 1171 errasse,
3285 1113 3417 1158 non

1853 1191 2063 1249 tamen
2092 1186 2157 1248 in
2186 1187 2495 1264 doctrina,
2518 1187 2633 1250 sed
2660 1190 2725 1250 in
2752 1188 2917 1252 facto
2932 1209 2951 1264 3
2982 1187 3175 1269 idque
3203 1207 3281 1250 ex
3303 1188 3417 1250 du-

1851 1280 1995 1360 plici
2038 1299 2251 1342 errore
2280 1299 2395 1343 seu
2427 1281 2583 1344 falsa
2634 1282 3093 1346 existimatione
3117 1300 3311 1364 quam
3337 1281 3417 1344 de

1851 1373 2099 1436 Nicaena
2160 1375 2414 1453 Synodo
2476 1375 2837 1437 habuerunt
2900 1377 3113 1438 Patres
3178 1375 3415 1456 Synodi

1853 1467 2459 1542 Francofordiensi53
2494 1469 2931 1532 existimarunt
2976 1469 3147 1536 enim
3192 1469 3415 1548 impri-

1849 1561 2000 1636 mis,
2032 1561 2346 1624 Nicaenam
2392 1563 2717 1642 Synodum
2746 1581 2875 1624 non
2924 1562 3116 1624 fuisse
3146 1565 3416 1625 auctori-

1851 1656 1981 1716 tate
2014 1655 2257 1716 Summi
2306 1654 2617 1718 Pontificis
2654 1662 3101 1737 congregatam
3124 1700 3141 1730 ‚
3176 1662 3240 1718 et
3267 1675 3415 1718 con·

1851 1745 2165 1810 firmatam
2181 1764 2203 1824 ;
2234 1748 2463 1810 deinde
2506 1749 2939 1812 existimarunt
2969 1749 3039 1810 in
3082 1747 3189 1810 illa
3218 1748 3415 1811 fuisse

1851 1838 2203 1915 definitum,
2236 1843 2545 1922 imagines
2572 1861 2711 1906 esse
2740 1841 3094 1904 adorandas
3118 1860 3415 1922 suprema

1849 1949 1924 1994 ac
1968 1933 2241 2013 perfecta
2274 1934 2643 1998 adoratione
2683 1936 2879 1999 latriae.
2908 1952 3084 2016 oeque
3114 1953 3189 2000 ac
3218 1936 3419 1998 Deum

1848 2025 2086 2106 ipsum,
2112 2033 2177 2088 et
2204 2027 2325 2088 hoc
2350 2027 2469 2106 ipsi
2495 2029 2931 2108 reprobarunt.

1928 2123 2031 2182 29.
2081 2121 2533 2182 Verumtamen
2556 2121 2691 2184 haec
2714 2122 3027 2192 sententia
3050 2120 3207 2184 mihi
3226 2120 3418 2202 plane

1849 2219 1949 2274 est
1976 2211 2389 2288 incredibilis;
2424 2232 2573 2276 nam
2617 2233 2696 2276 ex
2724 2214 3037 2292 historiiS,
3076 2232 3213 2294 qnae
3254 2213 3422 2276 refe-

1851 2312 1999 2368 runt
2022 2311 2160 2368 acta
2185 2306 2353 2368 illius
2378 2306 2657 2382 Concilii,
2679 2314 2927 2370 constat
2950 2308 3014 2368 in
3045 2325 3121 2368 eo
3148 2306 3420 2368 adfuisse

1851 2401 2117 2476 Legatos
2145 2400 2387 2462 Summi
2418 2401 2735 2464 Pontificis
2768 2401 3045 2474 Adriani,
3068 2418 3228 2480 quos
3256 2399 3414 2474 Ado,

1853 2492 1916 2554 in
1945 2493 2202 2569 Chron„
2224 2494 2764 2574 Theophylactum
2794 2501 2855 2556 et
2884 2493 3274 2574 Stephanum
3306 2512 3420 2555 no-

1855 2586 2087 2664 minat3
2120 2604 2271 2668 ergo
2310 2586 2448 2648 fieri
2484 2605 2612 2649 non
2660 2587 2863 2668 potuit
2897 2595 2967 2649 ut
3014 2593 3213 2650 totum
3263 2586 3420 2648 illud

1855 2680 2201 2742 Concilium
2245 2679 2665 2760 ignoraverit,
2720 2699 2847 2760 qua
2898 2680 3263 2758 auctoritate
3310 2681 3419 2742 VII

1851 2775 2146 2854 Synodus
2173 2779 2559 2854 congregata
2584 2773 2795 2852 fuerit,
2816 2774 3053 2855 etquid
3079 2774 3146 2835 in
3174 2791 3251 2835 ea
3283 2773 3418 2835 fue·

1853 2867 1934 2928 rit
1964 2866 2325 2941 definitum3
2367 2885 2514 2930 nam
2547 2885 2691 2930 cum
2736 2867 2871 2930 haec
2909 2867 3202 2948 Synodus
3228 2866 3419 2947 paulo

1857 2966 2041 3022 antea
2096 2960 2217 3022 sub
2268 2960 2493 3022 eodem
2544 2959 2841 3023 Pontifice
2897 2968 3037 3023 acta
3070 2966 3259 3037 esset,
3290 2977 3421 3022 non

1855 3060 2201 3135 potuerunt
2218 3055 2431 3135 Legati
2452 3055 2506 3135 ej
2516 3054 2737 3118 usdem
2759 3055 3073 3118 Pontificis
3090 3055 3258 3117 illius
3277 3073 3422 3117 auc-

1859 3149 2173 3212 toritatem
2198 3154 2260 3211 et
2278 3148 2629 3212 doctrinam
2650 3150 2975 3230 ignorare3
3002 3168 3176 3230 ergo,
3203 3151 3421 3210 etiam-

1859 3241 1911 3302 si
1955 3241 2095 3303 falsi
2134 3259 2424 3304 rumores
2465 3243 2659 3321 sparsi
2692 3250 2905 3304 essent
2932 3242 3011 3306 de
3040 3243 3148 3304 illa
3177 3243 3283 3304 VII
3310 3243 3421 3322 Sy-

1854 3333 2045 3409 nodo,
2104 3339 2173 3394 ut
2229 3333 2695 3410 Genebrardus,
2746 3337 2959 3398 nescio
3014 3354 3157 3414 quo,
3196 3335 3423 3398 funda·

1854 3433 2095 3503 ment0,
2148 3426 2454 3504 affirmat,
2510 3428 2863 3506 potuissent
2908 3430 3123 3490 Patres
3168 3428 3419 3490 Concilii

1853 3518 2259 3583 Francoford.
2302 3538 2341 3581 a
2390 3520 2639 3600 Legatis
2684 3521 2925 3583 Summi
2970 3521 3282 3583 Pontificis
3320 3523 3421 3582 in-

1856 3617 2035 3692 strui,
2056 3621 2120 3678 et
2140 3615 2295 3695 ipsis
2312 3615 2501 3677 etiam
2520 3615 2761 3696 scriptis
2782 3616 2891 3678 VH
2917 3615 3157 3694 Synodi
3180 3615 3415 3678 doceri.

1853 3711 2013 3784 Imo,
2057 3726 2198 3770 cum
2240 3726 2344 3772 res
2374 3713 2543 3772 esset
2576 3708 2735 3770 adeo
2783 3709 3046 3771 celebris
3080 3714 3143 3774 et
3167 3709 3421 3789 publica

1854 3805 1920 3866 in
1949 3803 2245 3865 universa
2278 3803 2587 3879 Ecclesia,
2615 3802 2753 3866 fieri
2782 3821 2911 3864 non
2942 3801 3146 3882 potuit
3174 3801 3327 3882 quin
3355 3803 3421 3863 in

1857 3896 2155 3958 universa
2180 3895 2379 3958 Gallia
2427 3900 2491 3960 ct
2535 3896 2890 3973 Germania,
2916 3901 3069 3958 nota
3114 3901 3282 3959 esset
3311 3895 3421 3956 vn

1855 3989 2093 4070 Synodi
2122 3991 2552 4070 congregatio,
2580 3997 2645 4052 et
2672 3990 2842 4068 quod
2865 3987 3185 4051 Pontificia
3210 3991 3421 4062 aucto·

1851 4085 2035 4146 ritate
2068 4081 2237 4159 facta
2266 4091 2469 4160 esset,
2504 4089 2567 4145 et
2596 4083 2749 4164 quid
2788 4082 3102 4145 Adrianus
3132 4084 3298 4162 Papa
3338 4081 3419 4144 de

1853 4177 1984 4255 illa,
2018 4182 2209 4256 atque
2243 4176 2321 4239 de
2362 4177 2500 4256 eJus
2528 4175 2810 4239 doctrina
2854 4175 3133 4238 sentiret.
3162 4174 3421 4239 Accedit

1855 4268 2028 4349 quod
2066 4285 2241 4332 error
2284 4268 2389 4330 ille
2433 4268 2739 4332 adorandi
2785 4269 3095 4350 imagines
3138 4275 3208 4331 ut
3231 4269 3416 4344 DeOS,

1853 4363 2062 4442 potius
2102 4368 2196 4425 est
2245 4381 2419 4425 error
2462 4362 2801 4426 Gentilium
2836 4381 3022 4442 quam
3068 4363 3421 4441 aliquorum

1854 4455 2319 4532 haereticorum,
2373 4456 2475 4518 vel
2528 4475 2749 4520 eorum
2796 4458 2905 4537 qui
2956 4457 3149 4519 fidem
3202 4457 3422 4523 Christi

1856 4550 2302 4631 profiteantur;
2333 4567 2485 4631 ergo
2510 4551 2679 4613 nulla
2706 4552 2948 4613 ratione
2978 4551 3274 4615 credibile
3301 4557 3417 4621 est,

1859 4643 2247 4706 existimasse
2290 4644 2509 4706 Patres
2548 4643 3123 4707 Francofordiensis
3166 4643 3420 4706 Concilii

1856 4736 1922 4798 in
1955 4754 2103 4799 eum
2150 4753 2427 4800 errorem
2476 4738 2768 4800 incidisse
2788 4783 2805 4814 ,
2837 4745 2947 4802 aut
2972 4744 3229 4818 propter
3256 4737 3421 4798 solos

1856 4849 2149 4893 rumores
2174 4830 2367 4894 falsos
2400 4831 2465 4894 id
2490 4837 2731 4895 temere
2760 4830 3119 4894 credidisse.
3153 4831 3422 4892 Praeser-

1857 4928 1969 4990 tim
1992 4972 2009 5001 ,
2040 4943 2186 4988 cum
2228 4925 2405 4988 nulla
2436 4928 2589 4988 tunc
2631 4930 2800 4988 esset
2824 4925 2891 4985 in
2934 4923 3213 4986 Ecclesia
3254 4923 3420 4986 illius

1859 5020 2089 5083 erroris
2134 5019 2437 5100 suspicio,
2482 5025 2547 5080 et
2588 5016 2979 5091 credendum
3028 5018 3129 5093 sit,
3170 5017 3309 5097 pios
3358 5023 3420 5078 et

1858 5112 2203 5177 Catholicos
2228 5113 2571 5192 Episcopos
2592 5109 2764 5173 nullo
2789 5127 2982 5189 pravo
3014 5109 3245 5171 affectu
3273 5107 3423 5170 duc-

1859 5211 1959 5269 tos
1986 5205 2202 5282 fuisse,
2226 5212 2295 5267 ut
2328 5223 2607 5268 errorem
2634 5204 2811 5266 illum
2840 5204 2980 5266 aliis
3014 5201 3293 5264 Patribus
3320 5203 3422 5263 VII

1859 5301 2100 5382 Synodi
2137 5299 2571 5375 attribuerent,
2618 5303 2727 5362 aut
2780 5315 3000 5360 corum
3046 5295 3421 5358 sententiam

1859 5395 1922 5454 in
1952 5393 2329 5456 deteriorem
2372 5397 2613 5471 partem
2640 5391 3221 5470 interpretarentur,
3252 5387 3421 5470 quod

1857 5487 2129 5552 haeretici
2159 5485 2475 5550 interdum
2509 5486 2715 5549 facere
2744 5487 2972 5550 solent.
