3892 6167
1536 336 1725 393 tubex
1756 338 1987 393 nattum.

100 432 393 502 Spiritus
419 432 643 487 Sanctus
658 432 703 487 si
724 438 1023 488 assumeret
1049 432 1460 500 humanitatem,
1478 440 1636 498 esset,
1660 434 1715 487 in

176 516 485 577 quantum
512 510 695 574 homo,
732 510 879 565 tilius
895 512 989 565 Dei
1020 512 1299 571 naturalis,
1333 510 1405 565 ib.

102 588 251 640 Haec
291 584 612 653 propositio
645 585 881 638 Christus
912 593 986 638 cst
1025 586 1163 650 tilius
1200 588 1291 639 Det·
1324 587 1605 649 naturalis,
1642 594 1723 643 est

180 660 543 726 simpliciter
565 660 634 713 de
650 659 775 724 fide,
796 659 937 715 sicut
952 663 1069 715 haec
1085 678 1098 714 ε
1122 662 1376 723 Christus,
1398 665 1454 713 in
1469 668 1723 731 quantum

180 737 393 800 homo,
416 742 492 789 cst
512 736 651 801 filius
679 738 769 789 Im·
796 738 1079 801 tantm-alia,
1109 738 1449 805 designando
1470 740 1720 806 supposi-

186 822 349 875 tum,
388 826 433 865 s,
457 817 503 865 3.

112 888 173 939 Si
218 900 374 941 vero
400 894 651 943 naturam
675 890 939 957 designet,
964 890 1024 943 in
1046 903 1161 945 uno
1188 904 1351 945 sensu
1374 898 1455 945 est
1481 892 1631 949 falsa.
1664 896 1721 947 in

184 964 317 1017 alio
350 971 542 1019 autem
564 978 712 1030 vera,
734 965 861 1020 licet
880 967 983 1020 sub
1016 968 1295 1035 opinione,
1332 970 1407 1022 ib.

116 1042 257 1092 Haec
283 1040 603 1107 propositio
626 1036 647 1093 ἱ
678 1042 917 1095 Christus
936 1050 1011 1095 est
1030 1042 1171 1109 filius
1192 1044 1488 1112 adoptivus,
1514 1048 1724 1114 simpli-

186 1118 347 1170 citer
378 1124 463 1187 est
488 1119 759 1183 haeretica,
794 1126 851 1173 et
876 1120 1087 1173 etiamsi
1117 1121 1365 1186 addatur,
1390 1138 1449 1191 yn
1470 1132 1724 1191 quantum

186 1194 389 1258 homo,
418 1195 763 1261 designando
782 1198 1143 1263 suppositum,
1172 1212 1217 1253 s.
1241 1204 1289 1253 2.

120 1272 247 1323 imo
272 1269 509 1323 etiamsi
540 1278 793 1325 naturam
815 1273 1081 1341 designet,
1116 1274 1250 1329 falsa
1271 1282 1367 1340 est,
1404 1288 1515 1331 non
1540 1284 1718 1331 tamen

192 1346 497 1411 haerctica,
532 1360 575 1399 s.
606 1352 656 1400 8.

874 1472 1019 1511 Finis.

130 1570 289 1625 Finis
316 1571 569 1626 intentio
593 1572 747 1627 auin
772 1575 879 1629 Deo
902 1583 1173 1642 supponat
1200 1578 1485 1631 scientiam
1510 1580 1724 1634 medio·

196 1658 365 1712 nim,
400 1648 553 1700 varia
583 1648 979 1716 'theologorum
1008 1651 1223 1717 placita,
1258 1654 1311 1707 d.
1335 1659 1385 1717 5,
1410 1668 1453 1707 S.
1482 1658 1530 1707 1.

128 1720 345 1775 Omnis
382 1724 615 1777 intentio
642 1723 769 1778 finis
800 1726 1061 1793 supponit
1089 1727 1371 1781 scientiam
1394 1731 1719 1801 mediorum,

194 1798 409 1852 saltem
435 1806 495 1853 ut
520 1801 865 1867 possibilium
892 1816 990 1856 seu
1022 1803 1423 1870 sufficientium,
1460 1820 1571 1863 non
1590 1822 1721 1866 vero

196 1880 265 1927 ut
302 1875 645 1930 futurorum

131 1951 299 2004 Finis
344 1952 579 2009 intentio
606 1954 793 2008 efficax
822 1956 1081 2022 supponit
1108 1956 1167 2009 in
1198 1959 1307 2011 Deo
1342 1958 1571 2013 scientia
1602 1974 1721 2014 me-

200 2026 441 2080 diorum
471 2028 769 2083 efficacium
798 2034 852 2083 et
878 2031 1203 2098 futurorum,
1232 2032 1419 2086 saitem
1447 2035 1719 2089 conditio-

200 2109 427 2169 natam‚
464 2104 538 2158 id.

136 2178 303 2231 Finis
332 2192 449 2233 non
482 2182 685 2247 pendet
707 2194 740 2234 a
763 2183 967 2249 medio,
1000 2190 1259 2251 tanquam
1290 2200 1325 2239 a
1352 2187 1563 2241 ratione
1592 2201 1722 2253 pro-

206 2262 339 2320 pter
365 2270 531 2321 quam
566 2256 691 2310 finis
717 2258 1059 2321 intendatur,
1090 2262 1186 2314 sed
1218 2262 1393 2316 solum
1425 2264 1621 2330 pendet
1652 2267 1722 2319 ab

209 2330 317 2383 iilo
340 2332 525 2396 quoad
546 2332 939 2396 executionem,
966 2336 1041 2388 ib.

146 2405 313 2459 Finis
340 2406 575 2547 intgntio
605 2407 837 2463 includit
861 2410 918 2461 in
946 2411 1145 2465 virtute
1172 2413 1491 2468 volitionem
1518 2417 1727 2471 medio-

214 2495 347 2536 rum
395 2498 411 2535 t

149 2558 370 2611 Utilitas
368 2559 672 2699 e:inedubad
706 2560 870 2613 tinem
906 2562 1070 2616 debet
1092 2564 1279 2631 aliquo
1300 2566 1465 2620 modo
1489 2570 1721 2636 supponi

218 2634 282 2686 in
312 2646 367 2686 m
442 2646 497 2688 ιο
550 2648 569 2687 ι

153 2709 312 2763 Finis
343 2710 576 2765 intentio
602 2725 673 2765 an
708 2712 781 2765 ita
804 2715 875 2766 sit
908 2715 1061 2782 prior
1090 2717 1297 2769 ratione
1332 2718 1391 2770 in
1418 2718 1529 2771 Deo
1558 2732 1722 2785 quam

221 2786 437 2849 eiectio,
460 2793 525 2840 nt
542 2788 615 2841 ab
638 2790 741 2841 hac
760 2800 871 2843 non
900 2792 1155 2858 pendeat,
1190 2791 1267 2846 ib.

157 2861 315 2914 Finis
356 2862 717 2917 intentionem
758 2866 969 2920 ratione
1014 2880 1131 2921 esse
1174 2868 1413 2935 priorem
1456 2872 1723 2927 electione

227 2938 535 2991 mediorum
560 2940 713 2994 atiud
740 2948 823 2993 est
846 2954 1012 3008 quam
1035 2955 1153 2997 esse
1186 2946 1417 3001 omnino
1453 2948 1723 3014 indepen-

232 3012 451 3067 dentem
476 3015 547 3067 ab
576 3014 689 3081 illa,
718 3017 797 3071 ib.

168 3087 323 3139 Finis
354 3088 704 3144 intentionem
734 3104 851 3145 esse
878 3093 1043 3146 simul
1066 3106 1193 3147 eum
1218 3095 1484 3150 electione
1510 3100 1722 3154 medio·

240 3176 359 3215 rum
378 3174 492 3230 quo
510 3178 669 3219 sensu
682 3166 761 3235 ‚ait
783 3176 994 3234 verum,
1030 3169 1105 3223 ib.

174 3237 321 3292 Finis
346 3239 571 3297 intentio
592 3247 675 3296 est
698 3243 853 3310 prior
884 3244 945 3296 in
972 3246 1081 3299 Deo
1106 3247 1371 3302 electione
1396 3250 1722 3314 mediorum,

236 3316 293 3367 in
320 3322 593 3449 quanmnli)
604 3319 731 3373 tinia
754 3324 833 3373 est
858 3321 993 3375 ratio
1014 3322 1236 3377 volendi
1258 3324 1459 3388 media,
1482 3332 1536 3381 et
1558 3338 1669 3380 non
1693 3340 1724 3380 e

234 3403 507 3447 converso.
536 3410 549 3446 t
598 3437 608 3447 .

857 3526 1031 3565 tonas,

168 3613 353 3665 Fomes
377 3614 625 3669 consistit
650 3615 709 3669 in
736 3616 1043 3673 resistentia
1071 3620 1339 3674 sensualis
1364 3622 1633 3688 appetitus
1654 3623 1722 3677 ad

228 3688 505 3754 rationem,
538 3691 593 3744 d.
620 3697 699 3755 31,
736 3706 780 3745 s.
804 3699 853 3747 6.

162 3765 351 3819 Fomes
378 3772 551 3827 potest
576 3767 637 3820 in
666 3774 789 3821 actu
814 3770 995 3836 primo
1020 3772 1077 3823 et
1094 3771 1335 3825 secundo
1362 3772 1719 3841 considerari,

224 3847 278 3894 et
302 3842 433 3908 quid
456 3843 544 3905 sit,
578 3844 652 3897 ib.

162 3918 347 3971 Fomes
368 3920 569 3985 peccati
594 3920 653 3973 in
674 3921 887 3977 christo
910 3923 1093 3977 locum
1126 3934 1239 3977 non
1272 3924 1483 3990 habuit,
1514 3926 1591 3979 ib.

162 3995 341 4060 Neque
364 3996 419 4047 in
440 4002 565 4050 actu
585 3998 845 4059 secundo,
880 3998 935 4051 d.
962 4003 1043 4063 34,
1078 4013 1123 4055 s.
1148 4004 1195 4051 2.

160 4071 341 4136 Neque
364 4071 421 4124 in
450 4077 575 4127 actu
598 4073 796 4139 primo,
828 4075 904 4128 ib.

162 4148 347 4201 Fomes
364 4153 423 4201 ut
450 4148 855 4215 extingueretur
876 4150 935 4204 in
956 4153 1099 4205 statu
1122 4150 1475 4215 innocentiae,
1494 4165 1719 4208 necesa-

231 4222 308 4276 ria
336 4222 437 4277 fuit
460 4224 649 4291 aliqua
676 4226 938 4293 perfectio
958 4268 971 4292 ,
1006 4226 1093 4279 vel
1126 4226 1383 4293 specialis
1409 4228 1501 4281 ilei
1530 4230 1719 4297 provi-

230 4298 421 4363 dentia,
447 4301 501 4354 d.
528 4306 584 4352 31
610 4315 653 4355 s.
682 4308 729 4355 6.

168 4374 417 4429 Fomitem
442 4388 560 4431 esse
586 4378 903 4443 qualitatem
932 4380 1229 4446 quamdam
1260 4379 1567 4434 morbidam
1590 4382 1719 4447 qui-

230 4451 365 4515 dam,
396 4453 492 4505 sed
520 4453 973 4520 improbabiliter,
992 4457 1307 4523 opinantur,
1342 4456 1395 4509 d.
1422 4461 1501 4522 tt,
1536 4470 1579 4510 s.
1606 4465 1651 4509 2.

171 4528 233 4580 Et
251 4528 377 4593 quid
394 4528 485 4591 sit,
520 4528 597 4581 ib.

172 4602 377 4658 Fomitis
394 4610 573 4659 motus
592 4605 715 4659 sine
734 4612 951 4673 peceato
968 4618 1085 4661 esse
1100 4612 1344 4676 possunt,
1370 4609 1467 4662 sed
1486 4614 1616 4662 sunt
1632 4610 1725 4661 ιιι·-

232 4679 471 4733 decentes
492 4686 547 4733 et
566 4686 773 4747 turpes,
808 4682 887 4735 ib.

172 4754 377 4808 remitis
394 4760 575 4809 motus
590 4756 833 4809 cbristus
850 4757 961 4823 pati
986 4768 1099 4811 non
1120 4758 1327 4821 debuit,
1347 4760 1513 4813 etiarn
1534 4765 1593 4813 ut
1612 4772 1685 4813 no
1699 4788 1715 4799 ·

233 4831 315 4885 bis
332 4832 637 4899 exemplum
660 4832 1022 4887 tentationum
1044 4835 1479 4900 superandarum
1501 4836 1713 4902 praebc-

236 4912 323 4969 ret,
350 4906 421 4959 ib.

173 4983 348 5035 Fomes
374 4983 537 5037 etiam
570 4984 753 5049 quoad
780 4988 961 5037 actum
988 4984 1233 5049 primum
1270 4984 1327 5036 in
1361 4984 1569 5038 christo
1602 4998 1715 5038 non

236 5058 359 5123 fuit,
394 5070 495 5113 nec
526 5071 643 5113 esse
675 5058 851 5126 potuit
879 5058 1044 5112 etiam
1077 5059 1145 5113 de
1179 5061 1421 5126 potentia
1450 5060 1715 5127 absoluta,

236 5134 305 5187 ib.

174 5213 348 5266 Fames
368 5223 462 5278 per
487 5212 625 5278 quid
650 5212 713 5267 in
739 5212 949 5267 christo
976 5214 1243 5265 extinctus
1267 5212 1356 5278 sit,
1392 5213 1465 5266 ib.

604 5358 785 5399 roan.
820 5358 1061 5399 manus
1090 5356 1243 5397 omn
1251 5383 1263 5397 .

177 5458 352 5511 Forma
382 5468 490 5584 20¹1
524 5462 701 5511 actuat
726 5458 833 5511 nisi
860 5458 1161 5524 subiectum
1196 5456 1301 5511 sibi
1335 5456 1716 5525 proportiona-

239 5539 357 5595 tum,
396 5537 509 5594 ⁴.tt,
546 5544 587 5584 s.
616 5538 663 5583 a.

3240 338 3356 397 697

1798 435 2064 489 Formalis
2089 446 2268 491 causae
2291 436 2516 491 effectus
2541 434 2661 490 sine
2689 446 2852 490 causa
2887 433 3100 489 formali
3125 446 3223 489 cur
3250 448 3362 490 non

1861 511 1950 571 sit.
1978 512 2034 565 d.
2055 518 2104 575 6,
2126 526 2168 566 s.
2197 518 2244 565 2.

1799 585 2028 648 Formae,
2053 598 2177 653 quae
2201 587 2260 639 in
2285 588 2550 641 abstracto
2577 598 2690 641 non
2715 586 3082 673 pmdicamur
3104 585 3173 639 de
3199 598 3258 640 se
3281 586 3366 638 in-

1864 661 2061 726 vicem,
2096 663 2154 715 in
2185 668 2436 716 concreto
2458 662 2828 729 praedicantur
2849 661 2957 714 nisi
2987 666 3208 728 propter
3227 674 3365 715 con-

1800 736 2144 801 junctionem
2179 738 2238 791 in
2265 740 2457 793 eodem
2489 737 2788 805 supposito,
2821 737 2878 790 d.
2913 742 2962 799 7,
2990 751 3018 789 s
3066 743 3114 789 a.

1804 814 1994 867 Forma
2025 814 2398 869 substantialis
2424 820 2672 881 separata
2701 828 2734 866 a
2761 812 2986 867 materia
3005 814 3156 869 uniri
3190 820 3366 881 potest

1868 889 2197 955 hypostatice
2214 890 2408 955 Verb0,
2438 891 2494 944 d.
2530 894 2611 953 tt,
2632 904 2676 943 s.
2703 897 2749 943 tl.

1802 966 2028 1029 Formae,
2063 978 2186 1032 quae
2227 965 2536 1020 educuntur
2565 968 2636 1020 de
2665 966 2908 1034 potentia
2937 967 3178 1021 materiae
3201 1009 3214 1033 ,
3251 978 3362 1021 non

1866 1040 2020 1108 prius
2051 1048 2180 1095 sunt
2223 1056 2256 1095 a
2295 1045 2403 1097 Deo
2445 1043 2562 1096 solo
2595 1056 2759 1108 quam
2797 1044 2909 1097 sint
2957 1058 3056 1110 per
3097 1044 3363 1096 actionem

1868 1129 1992 1182 quae
2011 1119 2292 1172 concurrit
2313 1131 2438 1172 cum
2463 1132 2625 1172 causa
2644 1119 2884 1172 secunda
2906 1120 2977 1173 ad
2994 1132 3183 1173 earum
3204 1118 3366 1171 educ-

1866 1193 2092 1254 tionem,
2129 1195 2181 1245 d.
2209 1200 2288 1260 31,
2313 1208 2356 1247 S.
2381 1198 2430 1247 9.

1803 1268 1960 1321 Forte
1989 1269 2254 1335 particula
2279 1311 2292 1335 ,
2338 1283 2463 1323 cum
2498 1269 2556 1321 in
2591 1270 2867 1337 Scriptura
2900 1270 3090 1323 divina
3125 1269 3366 1336 conjun-

1866 1345 2014 1411 gitur
2044 1358 2168 1399 cum
2191 1346 2394 1400 divinae
2417 1346 2656 1399 scientiae
2679 1347 3060 1413 promissione,
3085 1358 3195 1399 non
3221 1345 3365 1399 indi-

1869 1426 1956 1473 cat
1987 1420 2451 1487 incertitudinem,
2485 1422 2580 1475 sed
2609 1421 2832 1489 aliquod
2865 1420 3199 1489 mysterium,
3235 1421 3288 1474 d.
3314 1425 3366 1485 t,

1868 1508 1910 1547 S.
1952 1500 1998 1548 8.

2291 1608 2480 1649 rotun
2505 1608 2879 1648 confluentina.

1801 1721 2002 1775 Futura
2032 1723 2407 1791 contingentia
2436 1722 2810 1791 propriissime
2839 1736 2904 1778 ex
2934 1724 3124 1778 liberis
3155 1724 3366 1779 actibus

1864 1798 2125 1865 pendent,
2147 1800 2199 1852 d.
2225 1805 2306 1865 27,
2335 1813 2380 1853 s.
2406 1806 2454 1853 2.

1800 1872 2001 1927 Futura
2021 1876 2396 1943 contingentia
2421 1886 2778 1943 cognoscere,
2803 1876 2932 1931 licet
2953 1876 3238 1945 proprium
3270 1878 3363 1932 bei

1864 1948 1952 2013 sit,
1983 1963 2082 2017 per
2103 1950 2286 2005 lumen
2314 1958 2496 2005 tamen
2526 1954 2937 2019 supernaturale
2957 1967 2990 2008 a
3011 1960 3256 2009 creatura
3279 1967 3367 2008 co-

1865 2028 2054 2091 gnosci
2091 2033 2334 2095 possunt,
2367 2028 2444 2081 ib.

1803 2102 2003 2156 Futura
2033 2104 2406 2171 contingentia
2433 2116 2785 2171 cognoscere,
2819 2104 2890 2159 ad
2930 2112 3364 2161 consummatum

1866 2178 2166 2247 prophetiae
2221 2180 2430 2234 donum
2483 2188 2538 2233 et
2581 2194 2784 2233 munus
2843 2181 3080 2235 doctoris
3129 2180 3365 2249 perfecte

1864 2256 2250 2320 exercendum,
2275 2256 2664 2320 necessarium,
2697 2256 2772 2309 ib.

1803 2330 2004 2384 Futura
2049 2331 2425 2397 contingentia
2457 2332 2734 2398 quomodo
2764 2331 3009 2387 Christus
3053 2334 3368 2399 cognoverit

1867 2418 1966 2473 per
1989 2408 2216 2461 modum
2246 2406 2513 2461 intuitivae
2537 2407 2889 2475 cognitionis,
2915 2408 2989 2461 ib.

1804 2480 2128 2537 Futurorum
2161 2484 2410 2537 omnium
2462 2484 2703 2551 cognitio
2748 2484 2806 2536 in
2855 2484 3362 2538 determinationem

1867 2555 2072 2611 divinae
2105 2559 2402 2612 voluntatis
2433 2559 2742 2612 revocanda
2777 2571 2890 2613 non
2917 2564 3016 2621 est,
3037 2558 3112 2611 ib.

1802 2632 2065 2687 Futurum
2089 2648 2204 2688 rem
2231 2649 2365 2700 esse,
2389 2635 2532 2689 nihii
2557 2636 2702 2689 reale
2723 2635 2882 2703 ponit
2908 2636 2966 2688 in
3001 2648 3062 2687 re
3095 2634 3362 2701 possibili,

1868 2712 2015 2777 quod
2063 2712 2136 2765 sit
2177 2712 2615 2780 repraesentabile
2655 2726 2754 2781 per
2785 2712 3026 2780 aliquam
3069 2711 3364 2779 imaginem

1866 2788 2211 2855 objectivam,
2239 2790 2314 2843 ib.

1804 2864 2005 2917 Futura
2032 2866 2408 2933 contingentia
2451 2879 2548 2933 per
2572 2866 2859 2920 scientiam
2889 2864 3128 2919 infusam
3169 2862 3366 2919 Christi

1866 2940 2186 2997 abstractive
2211 2942 2464 3007 cognosci
2491 2947 2803 3009 potuerunt,
2826 2941 2904 2996 ib.

2563 3075 2626 3149 G

2481 3235 2684 3277 emnia·

1804 3336 2043 3389 Gloriam
2090 3336 2334 3403 corporis
2379 3346 2540 3389 nemo
2573 3337 2770 3389 mereri
2806 3339 2979 3401 potest
3021 3334 3144 3387 sine
3193 3332 3368 3400 gioria

1866 3413 2086 3479 animat,
2117 3412 2226 3466 nisi
2257 3413 2402 3465 hanc
2433 3412 2588 3479 prius
2617 3412 2831 3473 habeat,
2867 3411 2922 3464 d.
2959 3414 3038 3474 49,
3073 3422 3118 3463 s.
3148 3414 3196 3461 8.

1805 3489 1939 3542 Vide
1977 3488 2177 3553 Gratia,
2203 3486 2374 3551 visio,
2401 3486 2699 3551 Beatitudo,
2717 3485 2985 3548 Felicitas,
3003 3486 3212 3539 Lumen
3241 3484 3369 3539 Glo-

1870 3566 1985 3617 rite.

2100 3678 2277 3718 onam
2311 3678 2620 3719 multotius.
2653 3678 2833 3718 Gustu
2866 3676 3080 3717 mttottts.

1802 3786 1984 3839 Gratia
2021 3783 2315 3838 habitualis
2346 3790 2400 3837 et
2431 3783 2675 3847 unionis,
2706 3782 2982 3849 quomodo
3013 3780 3271 3835 differant
3309 3781 3365 3832 in

1866 3860 2080 3915 influxu
2112 3866 2332 3914 actuum
2363 3859 2434 3913 ab
2459 3857 2574 3911 illis
2597 3856 3081 3925 proficiscentium,
3103 3856 3158 3909 d.
3180 3859 3230 3916 4,
3253 3868 3296 3909 s.
3318 3858 3364 3907 t.

1801 3938 1981 3991 Gratia
2003 3948 2128 4003 quas
2158 3936 2486 4003 supponitur
2513 3934 2760 4000 justitiae,
2781 3935 2840 3987 in
2863 3938 3073 3987 tantum
3100 3931 3369 3985 diminuit

1862 4012 2252 4080 perfectionem
2285 4012 2420 4077 ejus,
2463 4011 2520 4063 in
2563 4016 2832 4077 quantum
2863 4014 2944 4063 est
2973 4008 3222 4075 quaedam
3247 4006 3364 4059 vir·-

1860 4088 2026 4142 tuaiis
2059 4087 2308 4141 remissio
2335 4086 2508 4141 debiti
2529 4086 2698 4152 gratis
2719 4086 2879 4147 facta,
2903 4089 3019 4137 8.·1.

1800 4164 2034 4219 Gratiam
2064 4162 2338 4217 infinitam
2363 4174 2598 4230 persona
2613 4160 2769 4215 finita
2802 4160 3004 4213 habere
3027 4170 3140 4213 non
3170 4163 3360 4225 potest,

1868 4240 1942 4292 ib.

1802 4316 1980 4369 Gratia
2003 4314 2296 4369 habitualis
2311 4319 2394 4367 est
2421 4326 2582 4367 causa
2604 4311 2849 4366 formalis
2877 4312 3217 4365 remissionis
3233 4322 3366 4379 pee-

1862 4392 1991 4455 cati,
2021 4405 2067 4444 s.
2104 4396 2152 4445 8.
2311 4408 2316 4411 ·

1800 4466 2116 4521 Differentia
2147 4480 2272 4533 quae
2293 4471 2375 4519 est
2399 4466 2541 4519 inter
2571 4465 2802 4531 gratiam
2835 4462 3168 4518 habitualem
3194 4467 3248 4515 et
3269 4474 3364 4514 ac·

1865 4550 1980 4597 tum
2016 4543 2362 4598 contritionis
2383 4550 2436 4596 et
2458 4542 2774 4597 dilectionis
2801 4541 2894 4595 Dei
2934 4538 3365 4607 supernaturalis

1862 4622 1918 4673 in
1946 4621 2144 4674 ordine
2166 4620 2238 4674 ad
2253 4620 2716 4687 justificationem,
2740 4618 2816 4671 ib.

1796 4698 1974 4751 Gratia
2003 4698 2298 4751 habitualis
2328 4698 2650 4765 simpliciter
2675 4702 2756 4750 est
2785 4692 3080 4761 perfectior
3103 4704 3362 4758 quocun·

1857 4788 1966 4841 que
1994 4780 2116 4828 actu
2142 4774 2562 4841 supernaturali,
2596 4773 2671 4826 ib.

1796 4852 1975 4905 Gratia
2008 4851 2301 4906 habitualis
2332 4856 2413 4904 est
2438 4849 2700 4917 primaria
2721 4846 2974 4913 quaedam
3013 4842 3360 4911 participatio

1857 4926 2063 4979 divinae
2099 4932 2324 4989 natum,
2349 4926 2423 4979 ib.

1798 5002 1976 5055 Gratia
2000 5008 2055 5056 et
2076 5001 2294 5055 habitus
2323 5000 2490 5053 infusi
2525 4996 2724 5052 ordine
2757 5000 2966 5050 naturae
2997 4994 3056 5048 in
3088 4993 3244 5048 nulio
3261 5004 3358 5061 ge-

1860 5088 1992 5130 nere
2023 5090 2199 5131 causae
2247 5075 2576 5130 antecedunt
2621 5072 3068 5134 contritrionem,
3111 5080 3235 5136 quae
3279 5076 3361 5122 est

1860 5152 2147 5219 dispositio
2167 5154 2236 5205 ad
2261 5152 2403 5209 illos.
2427 5152 2500 5204 ib

1798 5228 1976 5281 Gratia
2005 5228 2297 5281 habitualis
2331 5228 2400 5279 de
2427 5225 2666 5294 potentia
2685 5224 2930 5277 absoluta
2956 5227 3135 5290 posset
3165 5232 3282 5275 esse
3301 5220 3359 5272 in

1860 5303 2050 5357 eodem
2085 5304 2326 5369 subjecto
2358 5314 2482 5356 cum
2505 5295 2742 5369 peccato,
2769 5299 2845 5353 ib.

1797 5380 1911 5433 Non
1938 5392 2068 5435 vero
2093 5393 2160 5433 ex
2181 5384 2376 5433 natura
2409 5378 2508 5442 rei,
2537 5378 2612 5431 ib.

1798 5454 1976 5509 Gratia
2006 5456 2186 5523 prima
2212 5465 2323 5509 non
2359 5454 2536 5510 solum
2569 5452 2836 5517 excitans,
2875 5452 2972 5505 sed
3003 5449 3168 5503 etiam
3191 5456 3354 5501 sanc·-

1860 5532 2073 5588 titicans
2103 5538 2159 5587 et
2179 5531 2473 5591 habitualis
2497 5532 2656 5589 datur
2676 5528 2858 5597 gratis,
2881 5542 2922 5585 s.
2942 5533 2989 5584 9.
