<?xml version="1.0" encoding="UTF-8"?>
<!DOCTYPE html PUBLIC "-//W3C//DTD XHTML 1.0 Transitional//EN"
    "http://www.w3.org/TR/xhtml1/DTD/xhtml1-transitional.dtd">
<html xmlns="http://www.w3.org/1999/xhtml" xml:lang="en" lang="en">
 <head>
  <title>
</title>
<meta http-equiv="Content-Type" content="text/html;charset=utf-8" />
  <meta name='ocr-system' content='tesseract 3.04.00' />
  <meta name='ocr-capabilities' content='ocr_page ocr_carea ocr_par ocr_line ocrx_word'/>
</head>
<body>
  <div class='ocr_page' id='page_1' title='image "./rpfranciscisuar00unkngoog_0121.png"; bbox 0 0 3892 6167; ppageno 0'>
   <div class='ocr_carea' id='block_1_1' title="bbox 1372 354 2204 413">
    <p class='ocr_par' dir='ltr' id='par_1_1' title="bbox 1372 354 2204 413">
     <span class='ocr_line' id='line_1_1' title="bbox 1372 354 2204 413; baseline 0.002 -2"><span class='ocrx_word' id='word_1_1' title='bbox 1372 354 1693 411; x_wconf 65' lang='lat' dir='ltr'><strong>muru.</strong></span> <span class='ocrx_word' id='word_1_2' title='bbox 1725 354 1901 409; x_wconf 74' lang='lat' dir='ltr'><strong>xxxi.</strong></span> <span class='ocrx_word' id='word_1_3' title='bbox 1936 356 2110 413; x_wconf 76' lang='lat' dir='ltr'><strong>SECT.</strong></span> <span class='ocrx_word' id='word_1_4' title='bbox 2143 359 2204 413; x_wconf 86' lang='lat' dir='ltr'><strong>V.</strong></span> 
     </span>
    </p>
   </div>
   <div class='ocr_carea' id='block_1_2' title="bbox 154 458 1739 1579">
    <p class='ocr_par' dir='ltr' id='par_1_2' title="bbox 154 458 1739 1579">
     <span class='ocr_line' id='line_1_2' title="bbox 156 458 1737 539; baseline -0.001 -18"><span class='ocrx_word' id='word_1_5' title='bbox 156 459 397 522; x_wconf 81' lang='lat' dir='ltr'><strong>cientis</strong></span> <span class='ocrx_word' id='word_1_6' title='bbox 440 458 1051 523; x_wconf 82' lang='lat' dir='ltr'><strong>sufficientissimam.</strong></span> <span class='ocrx_word' id='word_1_7' title='bbox 1104 459 1179 521; x_wconf 88' lang='lat' dir='ltr'><strong>ln</strong></span> <span class='ocrx_word' id='word_1_8' title='bbox 1233 472 1469 539; x_wconf 81' lang='lat' dir='ltr'><strong>genere</strong></span> <span class='ocrx_word' id='word_1_9' title='bbox 1522 462 1737 520; x_wconf 86' lang='lat' dir='ltr'><strong>autem</strong></span> 
     </span>
     <span class='ocr_line' id='line_1_3' title="bbox 160 552 1738 634; baseline -0.003 -17"><span class='ocrx_word' id='word_1_10' title='bbox 160 574 385 617; x_wconf 77' lang='lat' dir='ltr'><strong>causae</strong></span> <span class='ocrx_word' id='word_1_11' title='bbox 430 554 791 629; x_wconf 71' lang='lat' dir='ltr'><strong>meritoriae,</strong></span> <span class='ocrx_word' id='word_1_12' title='bbox 844 553 969 615; x_wconf 85' lang='lat' dir='ltr'><strong>dici</strong></span> <span class='ocrx_word' id='word_1_13' title='bbox 1018 558 1225 634; x_wconf 86' lang='lat' dir='ltr'><strong>potest</strong></span> <span class='ocrx_word' id='word_1_14' title='bbox 1268 558 1485 615; x_wconf 86' lang='lat' dir='ltr'><strong>nostra</strong></span> <span class='ocrx_word' id='word_1_15' title='bbox 1536 552 1738 632; x_wconf 87' lang='lat' dir='ltr'><strong>gratia</strong></span> 
     </span>
     <span class='ocr_line' id='line_1_4' title="bbox 154 646 1737 728; baseline -0.001 -19"><span class='ocrx_word' id='word_1_16' title='bbox 154 649 569 728; x_wconf 86' lang='lat' dir='ltr'><strong>participatio</strong></span> <span class='ocrx_word' id='word_1_17' title='bbox 591 648 848 727; x_wconf 66' lang='lat' dir='ltr'><strong>,iustitiae</strong></span> <span class='ocrx_word' id='word_1_18' title='bbox 890 648 1114 711; x_wconf 79' lang='lat' dir='ltr'><strong>Christi</strong></span> <span class='ocrx_word' id='word_1_19' title='bbox 1136 694 1157 724; x_wconf 96' lang='lat'><strong>,</strong></span> <span class='ocrx_word' id='word_1_20' title='bbox 1186 650 1255 709; x_wconf 87' lang='lat' dir='ltr'><strong>in</strong></span> <span class='ocrx_word' id='word_1_21' title='bbox 1284 654 1591 727; x_wconf 87' lang='lat' dir='ltr'><strong>quantum</strong></span> <span class='ocrx_word' id='word_1_22' title='bbox 1628 646 1737 709; x_wconf 86' lang='lat' dir='ltr'><strong>illa</strong></span> 
     </span>
     <span class='ocr_line' id='line_1_5' title="bbox 156 741 1737 822; baseline 0 -19"><span class='ocrx_word' id='word_1_23' title='bbox 156 743 283 803; x_wconf 86' lang='lat' dir='ltr'><strong>fuit</strong></span> <span class='ocrx_word' id='word_1_24' title='bbox 310 742 693 822; x_wconf 88' lang='lat' dir='ltr'><strong>principium</strong></span> <span class='ocrx_word' id='word_1_25' title='bbox 725 742 1013 803; x_wconf 86' lang='lat' dir='ltr'><strong>merendi</strong></span> <span class='ocrx_word' id='word_1_26' title='bbox 1056 742 1241 803; x_wconf 87' lang='lat' dir='ltr'><strong>nobis</strong></span> <span class='ocrx_word' id='word_1_27' title='bbox 1283 741 1597 821; x_wconf 86' lang='lat' dir='ltr'><strong>justitiam</strong></span> <span class='ocrx_word' id='word_1_28' title='bbox 1624 759 1641 814; x_wconf 88' lang='grc'>;</span> <span class='ocrx_word' id='word_1_29' title='bbox 1672 746 1737 803; x_wconf 88' lang='lat' dir='ltr'><strong>et</strong></span> 
     </span>
     <span class='ocr_line' id='line_1_6' title="bbox 162 834 1738 917; baseline -0.003 -16"><span class='ocrx_word' id='word_1_30' title='bbox 162 837 399 901; x_wconf 86' lang='lat' dir='ltr'><strong>eodem</strong></span> <span class='ocrx_word' id='word_1_31' title='bbox 430 834 625 899; x_wconf 87' lang='lat' dir='ltr'><strong>modo</strong></span> <span class='ocrx_word' id='word_1_32' title='bbox 652 837 853 917; x_wconf 79' lang='lat' dir='ltr'><strong>gratia</strong></span> <span class='ocrx_word' id='word_1_33' title='bbox 890 835 1113 899; x_wconf 84' lang='lat' dir='ltr'><strong>Christi</strong></span> <span class='ocrx_word' id='word_1_34' title='bbox 1146 841 1353 917; x_wconf 85' lang='lat' dir='ltr'><strong>potest</strong></span> <span class='ocrx_word' id='word_1_35' title='bbox 1382 835 1507 897; x_wconf 88' lang='lat' dir='ltr'><strong>dici</strong></span> <span class='ocrx_word' id='word_1_36' title='bbox 1530 852 1738 897; x_wconf 87' lang='lat' dir='ltr'><strong>exem-</strong></span> 
     </span>
     <span class='ocr_line' id='line_1_7' title="bbox 168 932 1739 1013; baseline -0.001 -20"><span class='ocrx_word' id='word_1_37' title='bbox 168 932 313 1013; x_wconf 86' lang='lat' dir='ltr'><strong>plar</strong></span> <span class='ocrx_word' id='word_1_38' title='bbox 334 938 567 995; x_wconf 56' lang='lat' dir='ltr'><strong>nostrai</strong></span> <span class='ocrx_word' id='word_1_39' title='bbox 584 932 797 1013; x_wconf 63' lang='lat' dir='ltr'><strong>gratiae</strong></span> <span class='ocrx_word' id='word_1_40' title='bbox 822 950 901 993; x_wconf 82' lang='lat' dir='ltr'><strong>ex</strong></span> <span class='ocrx_word' id='word_1_41' title='bbox 918 936 1099 1011; x_wconf 71' lang='lat' dir='ltr'><strong>parte</strong></span> <span class='ocrx_word' id='word_1_42' title='bbox 1124 938 1361 1005; x_wconf 84' lang='lat' dir='ltr'><strong>nostra,</strong></span> <span class='ocrx_word' id='word_1_43' title='bbox 1380 932 1529 1011; x_wconf 88' lang='lat' dir='ltr'><strong>quia</strong></span> <span class='ocrx_word' id='word_1_44' title='bbox 1554 948 1739 1011; x_wconf 88' lang='lat' dir='ltr'><strong>opor-</strong></span> 
     </span>
     <span class='ocr_line' id='line_1_8' title="bbox 172 1024 1737 1105; baseline -0.003 -16"><span class='ocrx_word' id='word_1_45' title='bbox 172 1032 263 1089; x_wconf 83' lang='lat' dir='ltr'><strong>tet</strong></span> <span class='ocrx_word' id='word_1_46' title='bbox 293 1028 365 1087; x_wconf 84' lang='lat' dir='ltr'><strong>nt</strong></span> <span class='ocrx_word' id='word_1_47' title='bbox 394 1026 485 1089; x_wconf 86' lang='lat' dir='ltr'><strong>illi</strong></span> <span class='ocrx_word' id='word_1_48' title='bbox 522 1026 590 1087; x_wconf 90' lang='lat' dir='ltr'><strong>in</strong></span> <span class='ocrx_word' id='word_1_49' title='bbox 618 1025 819 1105; x_wconf 79' lang='lat' dir='ltr'><strong>gratia</strong></span> <span class='ocrx_word' id='word_1_50' title='bbox 842 1024 1332 1100; x_wconf 77' lang='lat' dir='ltr'><strong>conformemur,</strong></span> <span class='ocrx_word' id='word_1_51' title='bbox 1363 1025 1519 1088; x_wconf 85' lang='lat' dir='ltr'><strong>utin</strong></span> <span class='ocrx_word' id='word_1_52' title='bbox 1550 1025 1737 1087; x_wconf 78' lang='lat' dir='ltr'><strong>simili</strong></span> 
     </span>
     <span class='ocr_line' id='line_1_9' title="bbox 172 1120 1737 1203; baseline 0 -20"><span class='ocrx_word' id='word_1_53' title='bbox 172 1121 331 1183; x_wconf 80' lang='lat' dir='ltr'><strong>dixit</strong></span> <span class='ocrx_word' id='word_1_54' title='bbox 354 1123 431 1183; x_wconf 91' lang='lat' dir='ltr'><strong>D.</strong></span> <span class='ocrx_word' id='word_1_55' title='bbox 481 1123 709 1185; x_wconf 87' lang='lat' dir='ltr'><strong>Thom.</strong></span> <span class='ocrx_word' id='word_1_56' title='bbox 744 1120 929 1194; x_wconf 82' lang='lat' dir='ltr'><strong>infra,</strong></span> <span class='ocrx_word' id='word_1_57' title='bbox 967 1140 1029 1203; x_wconf 90' lang='lat' dir='ltr'><strong>q.</strong></span> <span class='ocrx_word' id='word_1_58' title='bbox 1063 1124 1163 1193; x_wconf 82' lang='lat'><strong>56,</strong></span> <span class='ocrx_word' id='word_1_59' title='bbox 1196 1126 1313 1183; x_wconf 85' lang='lat' dir='ltr'><strong>art.</strong></span> <span class='ocrx_word' id='word_1_60' title='bbox 1368 1124 1431 1196; x_wconf 87' lang='grc'><strong>1,</strong></span> <span class='ocrx_word' id='word_1_61' title='bbox 1478 1121 1561 1183; x_wconf 88' lang='lat' dir='ltr'><strong>ad</strong></span> <span class='ocrx_word' id='word_1_62' title='bbox 1604 1126 1737 1183; x_wconf 86' lang='lat' dir='ltr'><strong>ter-</strong></span> 
     </span>
     <span class='ocr_line' id='line_1_10' title="bbox 170 1215 1735 1296; baseline 0.001 -20"><span class='ocrx_word' id='word_1_63' title='bbox 170 1215 355 1287; x_wconf 89' lang='lat' dir='ltr'><strong>tium,</strong></span> <span class='ocrx_word' id='word_1_64' title='bbox 380 1232 523 1294; x_wconf 69' lang='lat' dir='ltr'><strong>quae</strong></span> <span class='ocrx_word' id='word_1_65' title='bbox 542 1216 757 1277; x_wconf 89' lang='lat' dir='ltr'><strong>omnia</strong></span> <span class='ocrx_word' id='word_1_66' title='bbox 781 1222 1073 1296; x_wconf 84' lang='lat' dir='ltr'><strong>respectu</strong></span> <span class='ocrx_word' id='word_1_67' title='bbox 1100 1215 1377 1296; x_wconf 76' lang='lat' dir='ltr'><strong>physicoe</strong></span> <span class='ocrx_word' id='word_1_68' title='bbox 1404 1215 1735 1277; x_wconf 88' lang='lat' dir='ltr'><strong>causalita-</strong></span> 
     </span>
     <span class='ocr_line' id='line_1_11' title="bbox 166 1309 1735 1389; baseline 0.002 -20"><span class='ocrx_word' id='word_1_69' title='bbox 166 1310 245 1369; x_wconf 87' lang='lat' dir='ltr'><strong>tis</strong></span> <span class='ocrx_word' id='word_1_70' title='bbox 266 1309 769 1371; x_wconf 76' lang='lat' dir='ltr'><strong>instrumentalis</strong></span> <span class='ocrx_word' id='word_1_71' title='bbox 796 1309 977 1389; x_wconf 89' lang='lat' dir='ltr'><strong>quasi</strong></span> <span class='ocrx_word' id='word_1_72' title='bbox 1002 1309 1497 1371; x_wconf 80' lang='lat' dir='ltr'><strong>concomitanter</strong></span> <span class='ocrx_word' id='word_1_73' title='bbox 1524 1328 1593 1371; x_wconf 87' lang='lat' dir='ltr'><strong>se</strong></span> <span class='ocrx_word' id='word_1_74' title='bbox 1621 1310 1735 1371; x_wconf 86' lang='lat' dir='ltr'><strong>ha·-</strong></span> 
     </span>
     <span class='ocr_line' id='line_1_12' title="bbox 162 1401 1734 1483; baseline 0.003 -20"><span class='ocrx_word' id='word_1_75' title='bbox 162 1401 340 1463; x_wconf 84' lang='lat' dir='ltr'><strong>bent.</strong></span> <span class='ocrx_word' id='word_1_76' title='bbox 380 1404 459 1465; x_wconf 75' lang='lat' dir='ltr'><strong>Et</strong></span> <span class='ocrx_word' id='word_1_77' title='bbox 482 1420 601 1482; x_wconf 88' lang='lat' dir='ltr'><strong>per</strong></span> <span class='ocrx_word' id='word_1_78' title='bbox 630 1404 761 1465; x_wconf 81' lang='lat' dir='ltr'><strong>haec</strong></span> <span class='ocrx_word' id='word_1_79' title='bbox 784 1420 1155 1483; x_wconf 86' lang='lat' dir='ltr'><strong>responsum</strong></span> <span class='ocrx_word' id='word_1_80' title='bbox 1190 1408 1285 1465; x_wconf 88' lang='lat' dir='ltr'><strong>est</strong></span> <span class='ocrx_word' id='word_1_81' title='bbox 1331 1404 1413 1465; x_wconf 89' lang='lat' dir='ltr'><strong>ad</strong></span> <span class='ocrx_word' id='word_1_82' title='bbox 1450 1404 1605 1466; x_wconf 83' lang='lat' dir='ltr'><strong>alias</strong></span> <span class='ocrx_word' id='word_1_83' title='bbox 1632 1422 1734 1467; x_wconf 85' lang='lat' dir='ltr'><strong>ra-</strong></span> 
     </span>
     <span class='ocr_line' id='line_1_13' title="bbox 162 1497 1470 1579; baseline 0.002 -20"><span class='ocrx_word' id='word_1_84' title='bbox 162 1499 393 1574; x_wconf 87' lang='lat' dir='ltr'><strong>tiones,</strong></span> <span class='ocrx_word' id='word_1_85' title='bbox 426 1514 569 1579; x_wconf 71' lang='lat' dir='ltr'><strong>quse</strong></span> <span class='ocrx_word' id='word_1_86' title='bbox 598 1497 1025 1561; x_wconf 87' lang='lat' dir='ltr'><strong>difficultatem</strong></span> <span class='ocrx_word' id='word_1_87' title='bbox 1055 1516 1183 1561; x_wconf 88' lang='lat' dir='ltr'><strong>non</strong></span> <span class='ocrx_word' id='word_1_88' title='bbox 1212 1498 1470 1563; x_wconf 87' lang='lat' dir='ltr'><strong>habent.</strong></span> 
     </span>
    </p>
   </div>
   <div class='ocr_carea' id='block_1_3' title="bbox 808 1698 1119 1755">
    <p class='ocr_par' dir='ltr' id='par_1_3' title="bbox 808 1698 1119 1755">
     <span class='ocr_line' id='line_1_14' title="bbox 808 1698 1119 1755; baseline 0.006 -4"><span class='ocrx_word' id='word_1_89' title='bbox 808 1698 1027 1755; x_wconf 74' lang='lat' dir='ltr'><strong>sEGTto</strong></span> <span class='ocrx_word' id='word_1_90' title='bbox 1058 1698 1119 1753; x_wconf 78' lang='lat' dir='ltr'><strong>V.</strong></span> 
     </span>
    </p>
   </div>
   <div class='ocr_carea' id='block_1_4' title="bbox 168 1821 1735 2057">
    <p class='ocr_par' dir='ltr' id='par_1_4' title="bbox 168 1821 1735 2057">
     <span class='ocr_line' id='line_1_15' title="bbox 168 1821 1735 1897; baseline 0.004 -20"><span class='ocrx_word' id='word_1_91' title='bbox 168 1821 307 1889; x_wconf 78' lang='lat' dir='ltr'><strong>Quid</strong></span> <span class='ocrx_word' id='word_1_92' title='bbox 327 1821 403 1881; x_wconf 79' lang='lat' dir='ltr'><strong>sit</strong></span> <span class='ocrx_word' id='word_1_93' title='bbox 433 1824 491 1881; x_wconf 83' lang='lat' dir='ltr'><strong>in</strong></span> <span class='ocrx_word' id='word_1_94' title='bbox 517 1822 859 1881; x_wconf 76' lang='lat' dir='ltr'><strong>humanitate</strong></span> <span class='ocrx_word' id='word_1_95' title='bbox 884 1822 1089 1883; x_wconf 73' lang='lat' dir='ltr'><strong>Christi</strong></span> <span class='ocrx_word' id='word_1_96' title='bbox 1126 1823 1240 1881; x_wconf 76' lang='lat' dir='ltr'><strong>haec</strong></span> <span class='ocrx_word' id='word_1_97' title='bbox 1282 1824 1457 1881; x_wconf 80' lang='lat' dir='ltr'><strong>virtus</strong></span> <span class='ocrx_word' id='word_1_98' title='bbox 1498 1838 1593 1881; x_wconf 80' lang='lat' dir='ltr'><strong>seu</strong></span> <span class='ocrx_word' id='word_1_99' title='bbox 1628 1839 1735 1897; x_wconf 78' lang='lat' dir='ltr'><strong>po·-</strong></span> 
     </span>
     <span class='ocr_line' id='line_1_16' title="bbox 235 1910 1735 1985; baseline 0.004 -22"><span class='ocrx_word' id='word_1_100' title='bbox 235 1910 413 1965; x_wconf 78' lang='lat' dir='ltr'><strong>tentia</strong></span> <span class='ocrx_word' id='word_1_101' title='bbox 446 1925 553 1981; x_wconf 81' lang='lat' dir='ltr'><strong>per</strong></span> <span class='ocrx_word' id='word_1_102' title='bbox 592 1926 755 1983; x_wconf 81' lang='lat' dir='ltr'><strong>quam</strong></span> <span class='ocrx_word' id='word_1_103' title='bbox 781 1919 1042 1985; x_wconf 82' lang='lat' dir='ltr'><strong>operatur</strong></span> <span class='ocrx_word' id='word_1_104' title='bbox 1070 1912 1407 1969; x_wconf 81' lang='lat' dir='ltr'><strong>miraculose</strong></span> <span class='ocrx_word' id='word_1_105' title='bbox 1438 1918 1497 1969; x_wconf 78' lang='lat' dir='ltr'><strong>ut</strong></span> <span class='ocrx_word' id='word_1_106' title='bbox 1524 1912 1735 1969; x_wconf 60' lang='lat' dir='ltr'><strong>inser-ut</strong></span> 
     </span>
     <span class='ocr_line' id='line_1_17' title="bbox 244 1996 703 2057; baseline 0.011 -7"><span class='ocrx_word' id='word_1_107' title='bbox 244 2004 498 2053; x_wconf 80' lang='lat' dir='ltr'><strong>mentum</strong></span> <span class='ocrx_word' id='word_1_108' title='bbox 528 1996 703 2057; x_wconf 78' lang='lat' dir='ltr'><strong>Verbi.</strong></span> 
     </span>
    </p>
   </div>
   <div class='ocr_carea' id='block_1_5' title="bbox 144 2164 1737 5618">
    <p class='ocr_par' dir='ltr' id='par_1_5' title="bbox 144 2164 1737 4569">
     <span class='ocr_line' id='line_1_18' title="bbox 246 2164 1735 2247; baseline 0.003 -24"><span class='ocrx_word' id='word_1_109' title='bbox 246 2164 403 2225; x_wconf 79' lang='lat' dir='ltr'><strong>1.1n</strong></span> <span class='ocrx_word' id='word_1_110' title='bbox 430 2164 555 2227; x_wconf 89' lang='lat' dir='ltr'><strong>hoc</strong></span> <span class='ocrx_word' id='word_1_111' title='bbox 580 2164 772 2227; x_wconf 86' lang='lat' dir='ltr'><strong>dnbio</strong></span> <span class='ocrx_word' id='word_1_112' title='bbox 800 2164 1203 2247; x_wconf 84' lang='lat' dir='ltr'><strong>explicandus</strong></span> <span class='ocrx_word' id='word_1_113' title='bbox 1234 2172 1331 2227; x_wconf 87' lang='lat' dir='ltr'><strong>est</strong></span> <span class='ocrx_word' id='word_1_114' title='bbox 1352 2165 1581 2227; x_wconf 87' lang='lat' dir='ltr'><strong>modus</strong></span> <span class='ocrx_word' id='word_1_115' title='bbox 1608 2182 1735 2245; x_wconf 90' lang='lat' dir='ltr'><strong>quo</strong></span> 
     </span>
     <span class='ocr_line' id='line_1_19' title="bbox 166 2258 1735 2341; baseline 0.002 -23"><span class='ocrx_word' id='word_1_116' title='bbox 166 2258 455 2321; x_wconf 86' lang='lat' dir='ltr'><strong>humana</strong></span> <span class='ocrx_word' id='word_1_117' title='bbox 472 2265 707 2321; x_wconf 85' lang='lat' dir='ltr'><strong>natura</strong></span> <span class='ocrx_word' id='word_1_118' title='bbox 729 2258 963 2321; x_wconf 78' lang='lat' dir='ltr'><strong>elevari</strong></span> <span class='ocrx_word' id='word_1_119' title='bbox 992 2260 1197 2341; x_wconf 90' lang='lat' dir='ltr'><strong>potnit</strong></span> <span class='ocrx_word' id='word_1_120' title='bbox 1224 2258 1305 2321; x_wconf 91' lang='lat' dir='ltr'><strong>ad</strong></span> <span class='ocrx_word' id='word_1_121' title='bbox 1332 2260 1451 2321; x_wconf 88' lang='lat' dir='ltr'><strong>hos</strong></span> <span class='ocrx_word' id='word_1_122' title='bbox 1478 2258 1735 2321; x_wconf 83' lang='lat' dir='ltr'><strong>effectus</strong></span> 
     </span>
     <span class='ocr_line' id='line_1_20' title="bbox 156 2352 1737 2433; baseline 0.001 -22"><span class='ocrx_word' id='word_1_123' title='bbox 156 2352 545 2413; x_wconf 86' lang='lat' dir='ltr'><strong>miraculose</strong></span> <span class='ocrx_word' id='word_1_124' title='bbox 573 2352 1037 2433; x_wconf 75' lang='lat' dir='ltr'><strong>producendae,</strong></span> <span class='ocrx_word' id='word_1_125' title='bbox 1061 2360 1125 2415; x_wconf 89' lang='lat' dir='ltr'><strong>et</strong></span> <span class='ocrx_word' id='word_1_126' title='bbox 1152 2353 1339 2413; x_wconf 84' lang='lat' dir='ltr'><strong>simul</strong></span> <span class='ocrx_word' id='word_1_127' title='bbox 1368 2352 1737 2433; x_wconf 87' lang='lat' dir='ltr'><strong>expedietur</strong></span> 
     </span>
     <span class='ocr_line' id='line_1_21' title="bbox 162 2444 1733 2523; baseline -0.001 -18"><span class='ocrx_word' id='word_1_128' title='bbox 162 2444 505 2507; x_wconf 82' lang='lat' dir='ltr'><strong>difficultas</strong></span> <span class='ocrx_word' id='word_1_129' title='bbox 528 2446 597 2507; x_wconf 90' lang='lat' dir='ltr'><strong>in</strong></span> <span class='ocrx_word' id='word_1_130' title='bbox 626 2462 752 2523; x_wconf 90' lang='lat' dir='ltr'><strong>qua</strong></span> <span class='ocrx_word' id='word_1_131' title='bbox 777 2446 1057 2508; x_wconf 82' lang='lat' dir='ltr'><strong>haerebat</strong></span> <span class='ocrx_word' id='word_1_132' title='bbox 1080 2444 1188 2507; x_wconf 90' lang='lat' dir='ltr'><strong>illa</strong></span> <span class='ocrx_word' id='word_1_133' title='bbox 1215 2446 1525 2508; x_wconf 88' lang='lat' dir='ltr'><strong>sententia</strong></span> <span class='ocrx_word' id='word_1_134' title='bbox 1542 2491 1559 2520; x_wconf 99' lang='lat'><strong>,</strong></span> <span class='ocrx_word' id='word_1_135' title='bbox 1590 2461 1733 2523; x_wconf 81' lang='lat' dir='ltr'><strong>quae</strong></span> 
     </span>
     <span class='ocr_line' id='line_1_22' title="bbox 166 2538 1734 2621; baseline 0 -23"><span class='ocrx_word' id='word_1_136' title='bbox 166 2539 329 2599; x_wconf 88' lang='lat' dir='ltr'><strong>hanc</strong></span> <span class='ocrx_word' id='word_1_137' title='bbox 350 2538 685 2621; x_wconf 81' lang='lat' dir='ltr'><strong>physicam</strong></span> <span class='ocrx_word' id='word_1_138' title='bbox 704 2540 1099 2602; x_wconf 87' lang='lat' dir='ltr'><strong>efficientiam</strong></span> <span class='ocrx_word' id='word_1_139' title='bbox 1120 2539 1413 2619; x_wconf 83' lang='lat' dir='ltr'><strong>negabat.</strong></span> <span class='ocrx_word' id='word_1_140' title='bbox 1440 2540 1597 2601; x_wconf 87' lang='lat' dir='ltr'><strong>Sunt</strong></span> <span class='ocrx_word' id='word_1_141' title='bbox 1621 2557 1734 2599; x_wconf 88' lang='lat' dir='ltr'><strong>au-</strong></span> 
     </span>
     <span class='ocr_line' id='line_1_23' title="bbox 160 2630 1731 2713; baseline 0.001 -22"><span class='ocrx_word' id='word_1_142' title='bbox 160 2638 291 2691; x_wconf 86' lang='lat' dir='ltr'><strong>tem</strong></span> <span class='ocrx_word' id='word_1_143' title='bbox 340 2632 515 2695; x_wconf 87' lang='lat' dir='ltr'><strong>inter</strong></span> <span class='ocrx_word' id='word_1_144' title='bbox 560 2632 915 2713; x_wconf 82' lang='lat' dir='ltr'><strong>Theologos</strong></span> <span class='ocrx_word' id='word_1_145' title='bbox 960 2632 1118 2695; x_wconf 83' lang='lat' dir='ltr'><strong>varii</strong></span> <span class='ocrx_word' id='word_1_146' title='bbox 1161 2630 1331 2693; x_wconf 87' lang='lat' dir='ltr'><strong>modi</strong></span> <span class='ocrx_word' id='word_1_147' title='bbox 1380 2630 1731 2711; x_wconf 84' lang='lat' dir='ltr'><strong>explicandi</strong></span> 
     </span>
     <span class='ocr_line' id='line_1_24' title="bbox 154 2724 1730 2801; baseline 0.003 -18"><span class='ocrx_word' id='word_1_148' title='bbox 154 2724 325 2785; x_wconf 88' lang='lat' dir='ltr'><strong>hanc</strong></span> <span class='ocrx_word' id='word_1_149' title='bbox 355 2742 519 2787; x_wconf 88' lang='lat' dir='ltr'><strong>rem.</strong></span> <span class='ocrx_word' id='word_1_150' title='bbox 556 2726 800 2788; x_wconf 82' lang='lat' dir='ltr'><strong>Primus</strong></span> <span class='ocrx_word' id='word_1_151' title='bbox 834 2732 946 2801; x_wconf 86' lang='lat' dir='ltr'><strong>est,</strong></span> <span class='ocrx_word' id='word_1_152' title='bbox 974 2724 1347 2788; x_wconf 86' lang='lat' dir='ltr'><strong>humanitati</strong></span> <span class='ocrx_word' id='word_1_153' title='bbox 1372 2724 1593 2789; x_wconf 87' lang='lat' dir='ltr'><strong>Christi</strong></span> <span class='ocrx_word' id='word_1_154' title='bbox 1621 2726 1730 2787; x_wconf 87' lang='lat' dir='ltr'><strong>da·</strong></span> 
     </span>
     <span class='ocr_line' id='line_1_25' title="bbox 150 2820 1729 2901; baseline 0.001 -22"><span class='ocrx_word' id='word_1_155' title='bbox 150 2824 285 2879; x_wconf 87' lang='lat' dir='ltr'><strong>tam</strong></span> <span class='ocrx_word' id='word_1_156' title='bbox 318 2836 463 2881; x_wconf 87' lang='lat' dir='ltr'><strong>esse</strong></span> <span class='ocrx_word' id='word_1_157' title='bbox 490 2820 857 2899; x_wconf 75' lang='lat' dir='ltr'><strong>qualitatem</strong></span> <span class='ocrx_word' id='word_1_158' title='bbox 886 2820 1163 2901; x_wconf 82' lang='lat' dir='ltr'><strong>aliquam</strong></span> <span class='ocrx_word' id='word_1_159' title='bbox 1192 2820 1531 2901; x_wconf 87' lang='lat' dir='ltr'><strong>superioris</strong></span> <span class='ocrx_word' id='word_1_160' title='bbox 1562 2820 1729 2881; x_wconf 85' lang='lat' dir='ltr'><strong>ordi-</strong></span> 
     </span>
     <span class='ocr_line' id='line_1_26' title="bbox 148 2909 1729 2989; baseline 0.004 -20"><span class='ocrx_word' id='word_1_161' title='bbox 148 2909 277 2986; x_wconf 85' lang='lat' dir='ltr'><strong>nis,</strong></span> <span class='ocrx_word' id='word_1_162' title='bbox 322 2926 471 2989; x_wconf 70' lang='lat' dir='ltr'><strong>quae.</strong></span> <span class='ocrx_word' id='word_1_163' title='bbox 520 2918 689 2975; x_wconf 86' lang='lat' dir='ltr'><strong>esset</strong></span> <span class='ocrx_word' id='word_1_164' title='bbox 727 2914 921 2975; x_wconf 82' lang='lat' dir='ltr'><strong>virtus</strong></span> <span class='ocrx_word' id='word_1_165' title='bbox 964 2912 1475 2975; x_wconf 87' lang='lat' dir='ltr'><strong>instrumentaria</strong></span> <span class='ocrx_word' id='word_1_166' title='bbox 1504 2912 1587 2977; x_wconf 87' lang='lat' dir='ltr'><strong>ad</strong></span> <span class='ocrx_word' id='word_1_167' title='bbox 1612 2913 1729 2975; x_wconf 85' lang='lat' dir='ltr'><strong>has</strong></span> 
     </span>
     <span class='ocr_line' id='line_1_27' title="bbox 148 3002 1727 3087; baseline 0.006 -26"><span class='ocrx_word' id='word_1_168' title='bbox 148 3002 441 3065; x_wconf 79' lang='lat' dir='ltr'><strong>actiones</strong></span> <span class='ocrx_word' id='word_1_169' title='bbox 459 3002 843 3080; x_wconf 85' lang='lat' dir='ltr'><strong>efficiendas,</strong></span> <span class='ocrx_word' id='word_1_170' title='bbox 868 3006 1029 3068; x_wconf 89' lang='lat' dir='ltr'><strong>sicut</strong></span> <span class='ocrx_word' id='word_1_171' title='bbox 1048 3024 1085 3068; x_wconf 88' lang='lat' dir='ltr'><strong>a</strong></span> <span class='ocrx_word' id='word_1_172' title='bbox 1104 3006 1316 3069; x_wconf 89' lang='lat' dir='ltr'><strong>multis</strong></span> <span class='ocrx_word' id='word_1_173' title='bbox 1341 3006 1727 3087; x_wconf 86' lang='lat' dir='ltr'><strong>philosophis</strong></span> 
     </span>
     <span class='ocr_line' id='line_1_28' title="bbox 146 3096 1731 3182; baseline 0.004 -23"><span class='ocrx_word' id='word_1_174' title='bbox 146 3096 391 3159; x_wconf 79' lang='lat' dir='ltr'><strong>&lt;licitur</strong></span> <span class='ocrx_word' id='word_1_175' title='bbox 420 3100 593 3161; x_wconf 84' lang='lat' dir='ltr'><strong>calor</strong></span> <span class='ocrx_word' id='word_1_176' title='bbox 620 3101 805 3162; x_wconf 87' lang='lat' dir='ltr'><strong>datus</strong></span> <span class='ocrx_word' id='word_1_177' title='bbox 832 3102 999 3182; x_wconf 82' lang='lat' dir='ltr'><strong>igni,</strong></span> <span class='ocrx_word' id='word_1_178' title='bbox 1027 3108 1099 3164; x_wconf 86' lang='lat' dir='ltr'><strong>ut</strong></span> <span class='ocrx_word' id='word_1_179' title='bbox 1126 3102 1207 3165; x_wconf 89' lang='lat' dir='ltr'><strong>sit</strong></span> <span class='ocrx_word' id='word_1_180' title='bbox 1229 3102 1321 3164; x_wconf 91' lang='lat' dir='ltr'><strong>illi</strong></span> <span class='ocrx_word' id='word_1_181' title='bbox 1346 3102 1731 3165; x_wconf 87' lang='lat' dir='ltr'><strong>instrumen-</strong></span> 
     </span>
     <span class='ocr_line' id='line_1_29' title="bbox 148 3190 1723 3275; baseline 0.005 -24"><span class='ocrx_word' id='word_1_182' title='bbox 148 3197 289 3251; x_wconf 88' lang='lat' dir='ltr'><strong>tum</strong></span> <span class='ocrx_word' id='word_1_183' title='bbox 320 3190 409 3254; x_wconf 90' lang='lat' dir='ltr'><strong>ad</strong></span> <span class='ocrx_word' id='word_1_184' title='bbox 431 3192 695 3255; x_wconf 77' lang='lat' dir='ltr'><strong>formam</strong></span> <span class='ocrx_word' id='word_1_185' title='bbox 730 3194 1202 3259; x_wconf 82' lang='lat' dir='ltr'><strong>substantialem</strong></span> <span class='ocrx_word' id='word_1_186' title='bbox 1231 3194 1723 3275; x_wconf 87' lang='lat' dir='ltr'><strong>producendam.</strong></span> 
     </span>
     <span class='ocr_line' id='line_1_30' title="bbox 144 3286 1729 3369; baseline 0.003 -22"><span class='ocrx_word' id='word_1_187' title='bbox 144 3287 245 3348; x_wconf 88' lang='lat' dir='ltr'><strong>Ita</strong></span> <span class='ocrx_word' id='word_1_188' title='bbox 273 3288 621 3367; x_wconf 86' lang='lat' dir='ltr'><strong>opinantur</strong></span> <span class='ocrx_word' id='word_1_189' title='bbox 644 3288 891 3364; x_wconf 90' lang='lat' dir='ltr'><strong>Palud.,</strong></span> <span class='ocrx_word' id='word_1_190' title='bbox 918 3286 1205 3369; x_wconf 88' lang='lat' dir='ltr'><strong>Capreol.</strong></span> <span class='ocrx_word' id='word_1_191' title='bbox 1241 3295 1303 3351; x_wconf 88' lang='lat' dir='ltr'><strong>et</strong></span> <span class='ocrx_word' id='word_1_192' title='bbox 1330 3289 1603 3367; x_wconf 85' lang='lat' dir='ltr'><strong>Ferrar.‚</strong></span> <span class='ocrx_word' id='word_1_193' title='bbox 1627 3290 1729 3353; x_wconf 91' lang='lat' dir='ltr'><strong>lo-</strong></span> 
     </span>
     <span class='ocr_line' id='line_1_31' title="bbox 148 3382 1725 3463; baseline 0.003 -23"><span class='ocrx_word' id='word_1_194' title='bbox 148 3382 245 3442; x_wconf 82' lang='lat' dir='ltr'><strong>cis</strong></span> <span class='ocrx_word' id='word_1_195' title='bbox 296 3398 497 3461; x_wconf 86' lang='lat' dir='ltr'><strong>supra</strong></span> <span class='ocrx_word' id='word_1_196' title='bbox 542 3382 765 3457; x_wconf 84' lang='lat' dir='ltr'><strong>citatis,</strong></span> <span class='ocrx_word' id='word_1_197' title='bbox 794 3388 857 3444; x_wconf 85' lang='lat' dir='ltr'><strong>et</strong></span> <span class='ocrx_word' id='word_1_198' title='bbox 900 3383 974 3445; x_wconf 87' lang='lat' dir='ltr'><strong>D.</strong></span> <span class='ocrx_word' id='word_1_199' title='bbox 1006 3384 1228 3445; x_wconf 89' lang='lat' dir='ltr'><strong>Thom.</strong></span> <span class='ocrx_word' id='word_1_200' title='bbox 1258 3384 1561 3461; x_wconf 85' lang='lat' dir='ltr'><strong>tribuunt,</strong></span> <span class='ocrx_word' id='word_1_201' title='bbox 1594 3384 1725 3463; x_wconf 92' lang='lat' dir='ltr'><strong>qui,</strong></span> 
     </span>
     <span class='ocr_line' id='line_1_32' title="bbox 150 3474 1731 3557; baseline 0.004 -22"><span class='ocrx_word' id='word_1_202' title='bbox 150 3474 237 3535; x_wconf 90' lang='lat' dir='ltr'><strong>de</strong></span> <span class='ocrx_word' id='word_1_203' title='bbox 268 3474 665 3537; x_wconf 83' lang='lat' dir='ltr'><strong>humanitate</strong></span> <span class='ocrx_word' id='word_1_204' title='bbox 694 3476 919 3541; x_wconf 83' lang='lat' dir='ltr'><strong>Christi</strong></span> <span class='ocrx_word' id='word_1_205' title='bbox 947 3476 1240 3557; x_wconf 77' lang='lat' dir='ltr'><strong>loquenS,</strong></span> <span class='ocrx_word' id='word_1_206' title='bbox 1262 3494 1589 3556; x_wconf 89' lang='lat' dir='ltr'><strong>nunquam</strong></span> <span class='ocrx_word' id='word_1_207' title='bbox 1610 3478 1731 3541; x_wconf 86' lang='lat' dir='ltr'><strong>hoc</strong></span> 
     </span>
     <span class='ocr_line' id='line_1_33' title="bbox 150 3568 1731 3651; baseline 0.005 -24"><span class='ocrx_word' id='word_1_208' title='bbox 150 3568 575 3649; x_wconf 78' lang='lat' dir='ltr'><strong>significavit,</strong></span> <span class='ocrx_word' id='word_1_209' title='bbox 614 3586 975 3649; x_wconf 88' lang='lat' dir='ltr'><strong>quanquam</strong></span> <span class='ocrx_word' id='word_1_210' title='bbox 1006 3588 1203 3651; x_wconf 86' lang='lat' dir='ltr'><strong>agens</strong></span> <span class='ocrx_word' id='word_1_211' title='bbox 1248 3570 1326 3633; x_wconf 89' lang='lat' dir='ltr'><strong>de</strong></span> <span class='ocrx_word' id='word_1_212' title='bbox 1372 3588 1731 3635; x_wconf 87' lang='lat' dir='ltr'><strong>sacramen·</strong></span> 
     </span>
     <span class='ocr_line' id='line_1_34' title="bbox 152 3662 1729 3744; baseline 0.003 -22"><span class='ocrx_word' id='word_1_213' title='bbox 152 3662 265 3737; x_wconf 67' lang='lat' dir='ltr'><strong>tie,</strong></span> <span class='ocrx_word' id='word_1_214' title='bbox 284 3662 601 3725; x_wconf 87' lang='lat' dir='ltr'><strong>interdum</strong></span> <span class='ocrx_word' id='word_1_215' title='bbox 629 3664 895 3725; x_wconf 85' lang='lat' dir='ltr'><strong>obscure</strong></span> <span class='ocrx_word' id='word_1_216' title='bbox 916 3664 1233 3744; x_wconf 89' lang='lat' dir='ltr'><strong>loquatur,</strong></span> <span class='ocrx_word' id='word_1_217' title='bbox 1251 3668 1320 3726; x_wconf 90' lang='lat' dir='ltr'><strong>ut</strong></span> <span class='ocrx_word' id='word_1_218' title='bbox 1337 3682 1449 3728; x_wconf 90' lang='lat' dir='ltr'><strong>suo</strong></span> <span class='ocrx_word' id='word_1_219' title='bbox 1478 3664 1617 3728; x_wconf 92' lang='lat' dir='ltr'><strong>loco</strong></span> <span class='ocrx_word' id='word_1_220' title='bbox 1640 3666 1729 3727; x_wconf 82' lang='lat' dir='ltr'><strong>vi-</strong></span> 
     </span>
     <span class='ocr_line' id='line_1_35' title="bbox 164 3754 1729 3839; baseline 0.003 -22"><span class='ocrx_word' id='word_1_221' title='bbox 164 3754 474 3817; x_wconf 86' lang='lat' dir='ltr'><strong>debimus.</strong></span> <span class='ocrx_word' id='word_1_222' title='bbox 504 3756 726 3819; x_wconf 89' lang='lat' dir='ltr'><strong>Scotus</strong></span> <span class='ocrx_word' id='word_1_223' title='bbox 756 3758 969 3832; x_wconf 86' lang='lat' dir='ltr'><strong>etiam,</strong></span> <span class='ocrx_word' id='word_1_224' title='bbox 992 3757 1059 3817; x_wconf 90' lang='lat' dir='ltr'><strong>in</strong></span> <span class='ocrx_word' id='word_1_225' title='bbox 1086 3760 1146 3833; x_wconf 81' lang='lat'><strong>4,</strong></span> <span class='ocrx_word' id='word_1_226' title='bbox 1169 3757 1231 3819; x_wconf 92' lang='lat' dir='ltr'><strong>d.</strong></span> <span class='ocrx_word' id='word_1_227' title='bbox 1262 3760 1321 3833; x_wconf 97' lang='grc'><strong>1,</strong></span> <span class='ocrx_word' id='word_1_228' title='bbox 1344 3776 1407 3839; x_wconf 89' lang='lat' dir='ltr'><strong>q.</strong></span> <span class='ocrx_word' id='word_1_229' title='bbox 1434 3763 1474 3821; x_wconf 75' lang='lat'>4</span> <span class='ocrx_word' id='word_1_230' title='bbox 1504 3764 1569 3821; x_wconf 89' lang='lat' dir='ltr'><strong>et</strong></span> <span class='ocrx_word' id='word_1_231' title='bbox 1586 3762 1647 3833; x_wconf 82' lang='lat'><strong>5,</strong></span> <span class='ocrx_word' id='word_1_232' title='bbox 1666 3764 1729 3821; x_wconf 90' lang='lat' dir='ltr'><strong>et</strong></span> 
     </span>
     <span class='ocr_line' id='line_1_36' title="bbox 162 3847 1728 3933; baseline 0.003 -24"><span class='ocrx_word' id='word_1_233' title='bbox 162 3847 227 3909; x_wconf 87' lang='lat' dir='ltr'><strong>d.</strong></span> <span class='ocrx_word' id='word_1_234' title='bbox 256 3850 319 3924; x_wconf 84' lang='lat'><strong>6,</strong></span> <span class='ocrx_word' id='word_1_235' title='bbox 346 3868 405 3929; x_wconf 90' lang='lat' dir='ltr'><strong>q.</strong></span> <span class='ocrx_word' id='word_1_236' title='bbox 439 3852 479 3911; x_wconf 81' lang='lat'>5</span> <span class='ocrx_word' id='word_1_237' title='bbox 498 3897 519 3925; x_wconf 93' lang='lat'><strong>,</strong></span> <span class='ocrx_word' id='word_1_238' title='bbox 542 3854 603 3912; x_wconf 86' lang='lat' dir='ltr'><strong>et</strong></span> <span class='ocrx_word' id='word_1_239' title='bbox 628 3850 905 3926; x_wconf 89' lang='lat' dir='ltr'><strong>Richar.,</strong></span> <span class='ocrx_word' id='word_1_240' title='bbox 924 3850 987 3913; x_wconf 87' lang='lat' dir='ltr'><strong>d.</strong></span> <span class='ocrx_word' id='word_1_241' title='bbox 1016 3852 1077 3926; x_wconf 90' lang='grc'><strong>1,</strong></span> <span class='ocrx_word' id='word_1_242' title='bbox 1100 3856 1219 3913; x_wconf 86' lang='lat' dir='ltr'><strong>art.</strong></span> <span class='ocrx_word' id='word_1_243' title='bbox 1249 3856 1309 3927; x_wconf 83' lang='grc'><strong>4,</strong></span> <span class='ocrx_word' id='word_1_244' title='bbox 1335 3868 1398 3929; x_wconf 90' lang='lat' dir='ltr'><strong>q.</strong></span> <span class='ocrx_word' id='word_1_245' title='bbox 1418 3855 1479 3929; x_wconf 87' lang='grc'><strong>3,</strong></span> <span class='ocrx_word' id='word_1_246' title='bbox 1508 3870 1728 3933; x_wconf 90' lang='lat' dir='ltr'><strong>quam-</strong></span> 
     </span>
     <span class='ocr_line' id='line_1_37' title="bbox 154 3944 1729 4027; baseline 0.004 -24"><span class='ocrx_word' id='word_1_247' title='bbox 154 3944 255 4005; x_wconf 79' lang='lat' dir='ltr'><strong>vis</strong></span> <span class='ocrx_word' id='word_1_248' title='bbox 302 3944 473 4005; x_wconf 86' lang='lat' dir='ltr'><strong>hanc</strong></span> <span class='ocrx_word' id='word_1_249' title='bbox 518 3944 919 4007; x_wconf 85' lang='lat' dir='ltr'><strong>efficientiam</strong></span> <span class='ocrx_word' id='word_1_250' title='bbox 966 3952 1223 4027; x_wconf 86' lang='lat' dir='ltr'><strong>negent,</strong></span> <span class='ocrx_word' id='word_1_251' title='bbox 1254 3952 1493 4023; x_wconf 88' lang='lat' dir='ltr'><strong>tamen,</strong></span> <span class='ocrx_word' id='word_1_252' title='bbox 1530 3948 1583 4009; x_wconf 90' lang='lat' dir='ltr'><strong>si</strong></span> <span class='ocrx_word' id='word_1_253' title='bbox 1616 3946 1729 4011; x_wconf 88' lang='lat' dir='ltr'><strong>ad-</strong></span> 
     </span>
     <span class='ocr_line' id='line_1_38' title="bbox 154 4037 1731 4119; baseline 0.002 -21"><span class='ocrx_word' id='word_1_254' title='bbox 154 4037 467 4112; x_wconf 86' lang='lat' dir='ltr'><strong>mittatur,</strong></span> <span class='ocrx_word' id='word_1_255' title='bbox 497 4040 925 4101; x_wconf 88' lang='lat' dir='ltr'><strong>necessarium</strong></span> <span class='ocrx_word' id='word_1_256' title='bbox 954 4044 1176 4119; x_wconf 87' lang='lat' dir='ltr'><strong>putant</strong></span> <span class='ocrx_word' id='word_1_257' title='bbox 1200 4038 1338 4101; x_wconf 88' lang='lat' dir='ltr'><strong>fieri</strong></span> <span class='ocrx_word' id='word_1_258' title='bbox 1372 4040 1583 4103; x_wconf 87' lang='lat' dir='ltr'><strong>media</strong></span> <span class='ocrx_word' id='word_1_259' title='bbox 1614 4040 1731 4102; x_wconf 90' lang='lat' dir='ltr'><strong>ali-</strong></span> 
     </span>
     <span class='ocr_line' id='line_1_39' title="bbox 159 4132 1729 4215; baseline 0.003 -24"><span class='ocrx_word' id='word_1_260' title='bbox 159 4148 293 4211; x_wconf 88' lang='lat' dir='ltr'><strong>qua</strong></span> <span class='ocrx_word' id='word_1_261' title='bbox 334 4132 655 4211; x_wconf 88' lang='lat' dir='ltr'><strong>qualitate.</strong></span> <span class='ocrx_word' id='word_1_262' title='bbox 684 4132 1189 4196; x_wconf 86' lang='lat' dir='ltr'><strong>Fundamentum</strong></span> <span class='ocrx_word' id='word_1_263' title='bbox 1219 4139 1314 4197; x_wconf 86' lang='lat' dir='ltr'><strong>est</strong></span> <span class='ocrx_word' id='word_1_264' title='bbox 1354 4134 1509 4195; x_wconf 89' lang='lat' dir='ltr'><strong>illud</strong></span> <span class='ocrx_word' id='word_1_265' title='bbox 1537 4152 1729 4215; x_wconf 88' lang='lat' dir='ltr'><strong>supra</strong></span> 
     </span>
     <span class='ocr_line' id='line_1_40' title="bbox 156 4226 1729 4309; baseline 0.004 -24"><span class='ocrx_word' id='word_1_266' title='bbox 156 4228 429 4299; x_wconf 86' lang='lat' dir='ltr'><strong>tactum,</strong></span> <span class='ocrx_word' id='word_1_267' title='bbox 467 4226 614 4305; x_wconf 88' lang='lat' dir='ltr'><strong>quia</strong></span> <span class='ocrx_word' id='word_1_268' title='bbox 664 4226 1021 4289; x_wconf 85' lang='lat' dir='ltr'><strong>humanitas</strong></span> <span class='ocrx_word' id='word_1_269' title='bbox 1047 4244 1176 4287; x_wconf 91' lang='lat' dir='ltr'><strong>non</strong></span> <span class='ocrx_word' id='word_1_270' title='bbox 1204 4232 1410 4307; x_wconf 86' lang='lat' dir='ltr'><strong>potest</strong></span> <span class='ocrx_word' id='word_1_271' title='bbox 1444 4226 1581 4291; x_wconf 85' lang='lat' dir='ltr'><strong>fieri</strong></span> <span class='ocrx_word' id='word_1_272' title='bbox 1618 4247 1729 4309; x_wconf 88' lang='lat' dir='ltr'><strong>po-</strong></span> 
     </span>
     <span class='ocr_line' id='line_1_41' title="bbox 160 4316 1730 4401; baseline 0.003 -22"><span class='ocrx_word' id='word_1_273' title='bbox 160 4316 421 4390; x_wconf 88' lang='lat' dir='ltr'><strong>tentior,</strong></span> <span class='ocrx_word' id='word_1_274' title='bbox 442 4318 557 4379; x_wconf 81' lang='lat' dir='ltr'><strong>nisi</strong></span> <span class='ocrx_word' id='word_1_275' title='bbox 588 4319 801 4398; x_wconf 84' lang='lat' dir='ltr'><strong>aliqua</strong></span> <span class='ocrx_word' id='word_1_276' title='bbox 829 4320 1024 4382; x_wconf 84' lang='lat' dir='ltr'><strong>virtus</strong></span> <span class='ocrx_word' id='word_1_277' title='bbox 1050 4320 1105 4380; x_wconf 88' lang='lat' dir='ltr'><strong>ei</strong></span> <span class='ocrx_word' id='word_1_278' title='bbox 1137 4320 1434 4395; x_wconf 86' lang='lat' dir='ltr'><strong>addatur;</strong></span> <span class='ocrx_word' id='word_1_279' title='bbox 1464 4340 1591 4383; x_wconf 89' lang='lat' dir='ltr'><strong>non</strong></span> <span class='ocrx_word' id='word_1_280' title='bbox 1615 4340 1730 4401; x_wconf 91' lang='lat' dir='ltr'><strong>po-</strong></span> 
     </span>
     <span class='ocr_line' id='line_1_42' title="bbox 158 4412 1729 4497; baseline 0.003 -24"><span class='ocrx_word' id='word_1_281' title='bbox 158 4419 287 4473; x_wconf 82' lang='lat' dir='ltr'><strong>test</strong></span> <span class='ocrx_word' id='word_1_282' title='bbox 338 4417 553 4473; x_wconf 88' lang='lat' dir='ltr'><strong>autem</strong></span> <span class='ocrx_word' id='word_1_283' title='bbox 610 4412 783 4488; x_wconf 89' lang='lat' dir='ltr'><strong>addi,</strong></span> <span class='ocrx_word' id='word_1_284' title='bbox 816 4414 942 4479; x_wconf 85' lang='lat' dir='ltr'><strong>nisi</strong></span> <span class='ocrx_word' id='word_1_285' title='bbox 990 4431 1105 4494; x_wconf 90' lang='lat' dir='ltr'><strong>per</strong></span> <span class='ocrx_word' id='word_1_286' title='bbox 1146 4414 1423 4495; x_wconf 83' lang='lat' dir='ltr'><strong>aliquam</strong></span> <span class='ocrx_word' id='word_1_287' title='bbox 1462 4416 1729 4497; x_wconf 86' lang='lat' dir='ltr'><strong>qualita-</strong></span> 
     </span>
     <span class='ocr_line' id='line_1_43' title="bbox 156 4514 314 4569; baseline -0.019 0"><span class='ocrx_word' id='word_1_288' title='bbox 156 4514 314 4569; x_wconf 87' lang='lat' dir='ltr'><strong>tem.</strong></span> 
     </span>
    </p>

    <p class='ocr_par' dir='ltr' id='par_1_6' title="bbox 156 4598 1730 5618">
     <span class='ocr_line' id='line_1_44' title="bbox 240 4598 1729 4681; baseline 0.003 -18"><span class='ocrx_word' id='word_1_289' title='bbox 240 4605 304 4663; x_wconf 83' lang='lat'><strong>2.</strong></span> <span class='ocrx_word' id='word_1_290' title='bbox 366 4600 577 4667; x_wconf 71' lang='lat' dir='ltr'><strong>Virtus</strong></span> <span class='ocrx_word' id='word_1_291' title='bbox 608 4600 880 4681; x_wconf 80' lang='lat' dir='ltr'><strong>faciendi</strong></span> <span class='ocrx_word' id='word_1_292' title='bbox 916 4598 1315 4666; x_wconf 68' lang='lat' dir='ltr'><strong>miraculum</strong></span> <span class='ocrx_word' id='word_1_293' title='bbox 1348 4600 1591 4666; x_wconf 71' lang='lat' dir='ltr'><strong>Christo</strong></span> <span class='ocrx_word' id='word_1_294' title='bbox 1608 4620 1729 4669; x_wconf 73' lang='lat' dir='ltr'><strong>non</strong></span> 
     </span>
     <span class='ocr_line' id='line_1_45' title="bbox 156 4694 1728 4777; baseline 0.002 -20"><span class='ocrx_word' id='word_1_295' title='bbox 156 4700 251 4757; x_wconf 74' lang='lat' dir='ltr'><strong>est</strong></span> <span class='ocrx_word' id='word_1_296' title='bbox 298 4694 577 4777; x_wconf 72' lang='lat' dir='ltr'><strong>qualitas</strong></span> <span class='ocrx_word' id='word_1_297' title='bbox 620 4694 995 4759; x_wconf 72' lang='lat' dir='ltr'><strong>humanitati</strong></span> <span class='ocrx_word' id='word_1_298' title='bbox 1038 4694 1447 4776; x_wconf 75' lang='lat' dir='ltr'><strong>superaddita.</strong></span> <span class='ocrx_word' id='word_1_299' title='bbox 1480 4730 1560 4745; x_wconf 89' lang='lat'><em>-</em></span> <span class='ocrx_word' id='word_1_300' title='bbox 1579 4698 1728 4760; x_wconf 75' lang='lat' dir='ltr'><strong>Haeo</strong></span> 
     </span>
     <span class='ocr_line' id='line_1_46' title="bbox 157 4788 1729 4869; baseline 0.004 -20"><span class='ocrx_word' id='word_1_301' title='bbox 157 4796 381 4851; x_wconf 85' lang='lat' dir='ltr'><strong>tamen</strong></span> <span class='ocrx_word' id='word_1_302' title='bbox 428 4790 640 4869; x_wconf 88' lang='lat' dir='ltr'><strong>opinio</strong></span> <span class='ocrx_word' id='word_1_303' title='bbox 670 4788 823 4850; x_wconf 89' lang='lat' dir='ltr'><strong>mihi</strong></span> <span class='ocrx_word' id='word_1_304' title='bbox 866 4808 992 4850; x_wconf 88' lang='lat' dir='ltr'><strong>non</strong></span> <span class='ocrx_word' id='word_1_305' title='bbox 1022 4790 1351 4869; x_wconf 87' lang='lat' dir='ltr'><strong>probatur,</strong></span> <span class='ocrx_word' id='word_1_306' title='bbox 1406 4792 1565 4853; x_wconf 88' lang='lat' dir='ltr'><strong>sicut</strong></span> <span class='ocrx_word' id='word_1_307' title='bbox 1608 4808 1729 4857; x_wconf 84' lang='lat' dir='ltr'><strong>nec</strong></span> 
     </span>
     <span class='ocr_line' id='line_1_47' title="bbox 158 4882 1725 4965; baseline 0.001 -20"><span class='ocrx_word' id='word_1_308' title='bbox 158 4884 489 4963; x_wconf 78' lang='lat' dir='ltr'><strong>CajetanO,</strong></span> <span class='ocrx_word' id='word_1_309' title='bbox 540 4884 715 4957; x_wconf 82' lang='lat' dir='ltr'><strong>Sota,</strong></span> <span class='ocrx_word' id='word_1_310' title='bbox 756 4888 818 4943; x_wconf 89' lang='lat' dir='ltr'><strong>et</strong></span> <span class='ocrx_word' id='word_1_311' title='bbox 848 4882 984 4945; x_wconf 87' lang='lat' dir='ltr'><strong>aliis</strong></span> <span class='ocrx_word' id='word_1_312' title='bbox 1026 4882 1345 4965; x_wconf 85' lang='lat' dir='ltr'><strong>discipulis</strong></span> <span class='ocrx_word' id='word_1_313' title='bbox 1373 4886 1445 4946; x_wconf 91' lang='lat' dir='ltr'><strong>D.</strong></span> <span class='ocrx_word' id='word_1_314' title='bbox 1474 4886 1725 4963; x_wconf 89' lang='lat' dir='ltr'><strong>Thom.,</strong></span> 
     </span>
     <span class='ocr_line' id='line_1_48' title="bbox 160 4976 1723 5057; baseline 0.002 -19"><span class='ocrx_word' id='word_1_315' title='bbox 160 4994 361 5057; x_wconf 88' lang='lat' dir='ltr'><strong>quam</strong></span> <span class='ocrx_word' id='word_1_316' title='bbox 392 4982 609 5039; x_wconf 86' lang='lat' dir='ltr'><strong>contra</strong></span> <span class='ocrx_word' id='word_1_317' title='bbox 646 4976 813 5037; x_wconf 87' lang='lat' dir='ltr'><strong>illius</strong></span> <span class='ocrx_word' id='word_1_318' title='bbox 844 4976 1191 5039; x_wconf 85' lang='lat' dir='ltr'><strong>doctrinam</strong></span> <span class='ocrx_word' id='word_1_319' title='bbox 1228 4996 1365 5039; x_wconf 88' lang='lat' dir='ltr'><strong>esse</strong></span> <span class='ocrx_word' id='word_1_320' title='bbox 1394 4978 1723 5055; x_wconf 87' lang='lat' dir='ltr'><strong>existimo;</strong></span> 
     </span>
     <span class='ocr_line' id='line_1_49' title="bbox 160 5070 1729 5153; baseline 0.003 -22"><span class='ocrx_word' id='word_1_321' title='bbox 160 5090 312 5133; x_wconf 88' lang='lat' dir='ltr'><strong>nam</strong></span> <span class='ocrx_word' id='word_1_322' title='bbox 342 5070 412 5131; x_wconf 87' lang='lat' dir='ltr'><strong>in</strong></span> <span class='ocrx_word' id='word_1_323' title='bbox 438 5072 501 5133; x_wconf 70' lang='grc' dir='ltr'><strong>Ξ.</strong></span> <span class='ocrx_word' id='word_1_324' title='bbox 532 5072 594 5143; x_wconf 78' lang='grc'><strong>2,</strong></span> <span class='ocrx_word' id='word_1_325' title='bbox 628 5086 689 5148; x_wconf 90' lang='lat' dir='ltr'><strong>q.</strong></span> <span class='ocrx_word' id='word_1_326' title='bbox 726 5071 867 5143; x_wconf 74' lang='lat'><strong>178,</strong></span> <span class='ocrx_word' id='word_1_327' title='bbox 900 5076 1019 5132; x_wconf 90' lang='lat' dir='ltr'><strong>art.</strong></span> <span class='ocrx_word' id='word_1_328' title='bbox 1054 5074 1112 5143; x_wconf 86' lang='lat'><strong>1,</strong></span> <span class='ocrx_word' id='word_1_329' title='bbox 1162 5071 1245 5132; x_wconf 90' lang='lat' dir='ltr'><strong>ad</strong></span> <span class='ocrx_word' id='word_1_330' title='bbox 1288 5072 1584 5153; x_wconf 91' lang='lat' dir='ltr'><strong>primum,</strong></span> <span class='ocrx_word' id='word_1_331' title='bbox 1616 5075 1729 5135; x_wconf 89' lang='lat' dir='ltr'><strong>im·-</strong></span> 
     </span>
     <span class='ocr_line' id='line_1_50' title="bbox 160 5163 1729 5255; baseline 0.003 -32"><span class='ocrx_word' id='word_1_332' title='bbox 160 5163 463 5244; x_wconf 86' lang='lat' dir='ltr'><strong>possibile</strong></span> <span class='ocrx_word' id='word_1_333' title='bbox 494 5163 806 5233; x_wconf 78' lang='lat' dir='ltr'><strong>existimat</strong></span> <span class='ocrx_word' id='word_1_334' title='bbox 849 5164 1225 5243; x_wconf 89' lang='lat' dir='ltr'><strong>principium</strong></span> <span class='ocrx_word' id='word_1_335' title='bbox 1266 5166 1573 5255; x_wconf 62' lang='lat' dir='ltr'><strong>operandi</strong></span> <span class='ocrx_word' id='word_1_336' title='bbox 1613 5168 1729 5227; x_wconf 93' lang='lat' dir='ltr'><strong>mi-</strong></span> 
     </span>
     <span class='ocr_line' id='line_1_51' title="bbox 162 5257 1728 5337; baseline 0.003 -20"><span class='ocrx_word' id='word_1_337' title='bbox 162 5258 379 5317; x_wconf 84' lang='lat' dir='ltr'><strong>racula</strong></span> <span class='ocrx_word' id='word_1_338' title='bbox 410 5275 551 5317; x_wconf 82' lang='lat' dir='ltr'><strong>esse</strong></span> <span class='ocrx_word' id='word_1_339' title='bbox 600 5257 873 5337; x_wconf 87' lang='lat' dir='ltr'><strong>aliquam</strong></span> <span class='ocrx_word' id='word_1_340' title='bbox 916 5258 1278 5335; x_wconf 85' lang='lat' dir='ltr'><strong>qualitatem</strong></span> <span class='ocrx_word' id='word_1_341' title='bbox 1329 5258 1728 5323; x_wconf 86' lang='lat' dir='ltr'><strong>habitualiter</strong></span> 
     </span>
     <span class='ocr_line' id='line_1_52' title="bbox 164 5350 1729 5425; baseline 0.002 -15"><span class='ocrx_word' id='word_1_342' title='bbox 164 5356 533 5411; x_wconf 86' lang='lat' dir='ltr'><strong>manentem</strong></span> <span class='ocrx_word' id='word_1_343' title='bbox 572 5350 632 5409; x_wconf 88' lang='lat' dir='ltr'><strong>in</strong></span> <span class='ocrx_word' id='word_1_344' title='bbox 666 5350 913 5425; x_wconf 86' lang='lat' dir='ltr'><strong>anima;</strong></span> <span class='ocrx_word' id='word_1_345' title='bbox 950 5350 1002 5411; x_wconf 86' lang='lat' dir='ltr'><strong>si</strong></span> <span class='ocrx_word' id='word_1_346' title='bbox 1026 5358 1239 5413; x_wconf 88' lang='lat' dir='ltr'><strong>autem</strong></span> <span class='ocrx_word' id='word_1_347' title='bbox 1272 5352 1332 5413; x_wconf 89' lang='lat' dir='ltr'><strong>in</strong></span> <span class='ocrx_word' id='word_1_348' title='bbox 1364 5352 1601 5416; x_wconf 87' lang='lat' dir='ltr'><strong>Christo</strong></span> <span class='ocrx_word' id='word_1_349' title='bbox 1633 5372 1729 5415; x_wconf 79' lang='lat' dir='ltr'><strong>es·-</strong></span> 
     </span>
     <span class='ocr_line' id='line_1_53' title="bbox 166 5442 1730 5529; baseline 0.003 -24"><span class='ocrx_word' id='word_1_350' title='bbox 166 5448 262 5505; x_wconf 88' lang='lat' dir='ltr'><strong>set</strong></span> <span class='ocrx_word' id='word_1_351' title='bbox 304 5444 445 5508; x_wconf 79' lang='lat' dir='ltr'><strong>haec</strong></span> <span class='ocrx_word' id='word_1_352' title='bbox 482 5442 700 5519; x_wconf 82' lang='lat' dir='ltr'><strong>virtus,</strong></span> <span class='ocrx_word' id='word_1_353' title='bbox 750 5450 917 5507; x_wconf 87' lang='lat' dir='ltr'><strong>esset</strong></span> <span class='ocrx_word' id='word_1_354' title='bbox 948 5444 1158 5525; x_wconf 88' lang='lat' dir='ltr'><strong>aliqua</strong></span> <span class='ocrx_word' id='word_1_355' title='bbox 1188 5446 1459 5525; x_wconf 83' lang='lat' dir='ltr'><strong>qualitas</strong></span> <span class='ocrx_word' id='word_1_356' title='bbox 1484 5464 1730 5529; x_wconf 88' lang='lat' dir='ltr'><strong>perma-</strong></span> 
     </span>
     <span class='ocr_line' id='line_1_54' title="bbox 168 5535 1730 5618; baseline 0.004 -23"><span class='ocrx_word' id='word_1_357' title='bbox 168 5554 329 5597; x_wconf 84' lang='lat' dir='ltr'><strong>nens</strong></span> <span class='ocrx_word' id='word_1_358' title='bbox 380 5554 494 5614; x_wconf 86' lang='lat' dir='ltr'><strong>per</strong></span> <span class='ocrx_word' id='word_1_359' title='bbox 536 5535 793 5597; x_wconf 87' lang='lat' dir='ltr'><strong>modum</strong></span> <span class='ocrx_word' id='word_1_360' title='bbox 842 5536 1093 5599; x_wconf 87' lang='lat' dir='ltr'><strong>habitus</strong></span> <span class='ocrx_word' id='word_1_361' title='bbox 1114 5584 1131 5611; x_wconf 91' lang='lat'>‚</span> <span class='ocrx_word' id='word_1_362' title='bbox 1178 5538 1323 5618; x_wconf 88' lang='lat' dir='ltr'><strong>quia</strong></span> <span class='ocrx_word' id='word_1_363' title='bbox 1376 5540 1495 5601; x_wconf 89' lang='lat' dir='ltr'><strong>hoc</strong></span> <span class='ocrx_word' id='word_1_364' title='bbox 1541 5538 1730 5603; x_wconf 87' lang='lat' dir='ltr'><strong>modo</strong></span> 
     </span>
    </p>
   </div>
   <div class='ocr_carea' id='block_1_6' title="bbox 3265 364 3384 427">
    <p class='ocr_par' dir='ltr' id='par_1_7' title="bbox 3265 364 3384 427">
     <span class='ocr_line' id='line_1_55' title="bbox 3265 364 3384 427; baseline 0.017 -2"><span class='ocrx_word' id='word_1_365' title='bbox 3265 364 3384 427; x_wconf 73' lang='lat'><strong>¹08</strong></span> 
     </span>
    </p>
   </div>
   <div class='ocr_carea' id='block_1_7' title="bbox 1806 461 3384 5621">
    <p class='ocr_par' dir='ltr' id='par_1_8' title="bbox 1806 461 3384 5621">
     <span class='ocr_line' id='line_1_56' title="bbox 1820 461 3383 547; baseline 0.008 -26"><span class='ocrx_word' id='word_1_366' title='bbox 1820 461 2284 525; x_wconf 86' lang='lat' dir='ltr'><strong>communicata</strong></span> <span class='ocrx_word' id='word_1_367' title='bbox 2331 470 2428 527; x_wconf 85' lang='lat' dir='ltr'><strong>est</strong></span> <span class='ocrx_word' id='word_1_368' title='bbox 2468 463 2556 527; x_wconf 86' lang='lat' dir='ltr'><strong>illi</strong></span> <span class='ocrx_word' id='word_1_369' title='bbox 2601 464 2740 529; x_wconf 73' lang='lat' dir='ltr'><strong>hoec</strong></span> <span class='ocrx_word' id='word_1_370' title='bbox 2785 472 3064 547; x_wconf 86' lang='lat' dir='ltr'><strong>potestas</strong></span> <span class='ocrx_word' id='word_1_371' title='bbox 3108 467 3383 533; x_wconf 83' lang='lat' dir='ltr'><strong>faciendi</strong></span> 
     </span>
     <span class='ocr_line' id='line_1_57' title="bbox 1818 554 3381 643; baseline 0.008 -28"><span class='ocrx_word' id='word_1_372' title='bbox 1818 554 2143 620; x_wconf 86' lang='lat' dir='ltr'><strong>miracula.</strong></span> <span class='ocrx_word' id='word_1_373' title='bbox 2187 556 2390 635; x_wconf 88' lang='lat' dir='ltr'><strong>Addo,</strong></span> <span class='ocrx_word' id='word_1_374' title='bbox 2421 560 2628 623; x_wconf 87' lang='lat' dir='ltr'><strong>sinon</strong></span> <span class='ocrx_word' id='word_1_375' title='bbox 2653 565 2860 640; x_wconf 89' lang='lat' dir='ltr'><strong>potest</strong></span> <span class='ocrx_word' id='word_1_376' title='bbox 2887 562 3024 625; x_wconf 89' lang='lat' dir='ltr'><strong>dari</strong></span> <span class='ocrx_word' id='word_1_377' title='bbox 3050 564 3189 625; x_wconf 86' lang='lat' dir='ltr'><strong>talis</strong></span> <span class='ocrx_word' id='word_1_378' title='bbox 3219 580 3381 643; x_wconf 88' lang='lat' dir='ltr'><strong>qua-</strong></span> 
     </span>
     <span class='ocr_line' id='line_1_58' title="bbox 1816 646 3380 739; baseline 0.007 -29"><span class='ocrx_word' id='word_1_379' title='bbox 1816 646 1962 711; x_wconf 88' lang='lat' dir='ltr'><strong>litas</strong></span> <span class='ocrx_word' id='word_1_380' title='bbox 1989 668 2390 731; x_wconf 87' lang='lat' dir='ltr'><strong>permanens,</strong></span> <span class='ocrx_word' id='word_1_381' title='bbox 2421 672 2459 715; x_wconf 89' lang='lat' dir='ltr'><strong>a</strong></span> <span class='ocrx_word' id='word_1_382' title='bbox 2487 654 2724 717; x_wconf 81' lang='lat' dir='ltr'><strong>fortiori</strong></span> <span class='ocrx_word' id='word_1_383' title='bbox 2753 672 2873 717; x_wconf 89' lang='lat' dir='ltr'><strong>nec</strong></span> <span class='ocrx_word' id='word_1_384' title='bbox 2901 656 3036 717; x_wconf 89' lang='lat' dir='ltr'><strong>dari</strong></span> <span class='ocrx_word' id='word_1_385' title='bbox 3065 676 3250 737; x_wconf 88' lang='lat' dir='ltr'><strong>posse</strong></span> <span class='ocrx_word' id='word_1_386' title='bbox 3269 676 3380 739; x_wconf 86' lang='lat' dir='ltr'><strong>per</strong></span> 
     </span>
     <span class='ocr_line' id='line_1_59' title="bbox 1816 744 3381 831; baseline 0.007 -26"><span class='ocrx_word' id='word_1_387' title='bbox 1816 744 2080 807; x_wconf 90' lang='lat' dir='ltr'><strong>modum</strong></span> <span class='ocrx_word' id='word_1_388' title='bbox 2107 748 2532 822; x_wconf 74' lang='lat' dir='ltr'><strong>transeuntiS,</strong></span> <span class='ocrx_word' id='word_1_389' title='bbox 2581 748 2890 829; x_wconf 89' lang='lat' dir='ltr'><strong>quidquid</strong></span> <span class='ocrx_word' id='word_1_390' title='bbox 2933 752 3270 831; x_wconf 87' lang='lat' dir='ltr'><strong>Capreolus</strong></span> <span class='ocrx_word' id='word_1_391' title='bbox 3315 760 3381 817; x_wconf 84' lang='lat' dir='ltr'><strong>et</strong></span> 
     </span>
     <span class='ocr_line' id='line_1_60' title="bbox 1819 837 3382 927; baseline 0.011 -31"><span class='ocrx_word' id='word_1_392' title='bbox 1819 837 1921 898; x_wconf 88' lang='lat' dir='ltr'><strong>alii</strong></span> <span class='ocrx_word' id='word_1_393' title='bbox 1952 838 2164 903; x_wconf 85' lang='lat' dir='ltr'><strong>dicant</strong></span> <span class='ocrx_word' id='word_1_394' title='bbox 2183 886 2200 915; x_wconf 98' lang='lat'><strong>,</strong></span> <span class='ocrx_word' id='word_1_395' title='bbox 2224 846 2360 903; x_wconf 89' lang='lat' dir='ltr'><strong>tum</strong></span> <span class='ocrx_word' id='word_1_396' title='bbox 2385 842 2530 923; x_wconf 83' lang='lat' dir='ltr'><strong>quia</strong></span> <span class='ocrx_word' id='word_1_397' title='bbox 2549 840 2820 923; x_wconf 83' lang='lat' dir='ltr'><strong>qualitas</strong></span> <span class='ocrx_word' id='word_1_398' title='bbox 2840 860 3218 925; x_wconf 88' lang='lat' dir='ltr'><strong>permanens</strong></span> <span class='ocrx_word' id='word_1_399' title='bbox 3241 865 3382 927; x_wconf 87' lang='lat' dir='ltr'><strong>per-</strong></span> 
     </span>
     <span class='ocr_line' id='line_1_61' title="bbox 1814 930 3380 1014; baseline 0.007 -22"><span class='ocrx_word' id='word_1_400' title='bbox 1814 930 2039 995; x_wconf 78' lang='lat' dir='ltr'><strong>fectior</strong></span> <span class='ocrx_word' id='word_1_401' title='bbox 2065 940 2162 997; x_wconf 87' lang='lat' dir='ltr'><strong>est</strong></span> <span class='ocrx_word' id='word_1_402' title='bbox 2187 952 2380 1014; x_wconf 85' lang='lat' dir='ltr'><strong>quam</strong></span> <span class='ocrx_word' id='word_1_403' title='bbox 2427 936 2758 1010; x_wconf 87' lang='lat' dir='ltr'><strong>transiens,</strong></span> <span class='ocrx_word' id='word_1_404' title='bbox 2807 938 3030 999; x_wconf 89' lang='lat' dir='ltr'><strong>saltem</strong></span> <span class='ocrx_word' id='word_1_405' title='bbox 3081 938 3148 999; x_wconf 91' lang='lat' dir='ltr'><strong>in</strong></span> <span class='ocrx_word' id='word_1_406' title='bbox 3191 940 3380 1003; x_wconf 88' lang='lat' dir='ltr'><strong>modo</strong></span> 
     </span>
     <span class='ocr_line' id='line_1_62' title="bbox 1818 1026 3384 1113; baseline 0.008 -28"><span class='ocrx_word' id='word_1_407' title='bbox 1818 1026 2164 1103; x_wconf 78' lang='lat' dir='ltr'><strong>existendi;</strong></span> <span class='ocrx_word' id='word_1_408' title='bbox 2195 1034 2334 1090; x_wconf 90' lang='lat' dir='ltr'><strong>tum</strong></span> <span class='ocrx_word' id='word_1_409' title='bbox 2362 1030 2552 1091; x_wconf 89' lang='lat' dir='ltr'><strong>etiam</strong></span> <span class='ocrx_word' id='word_1_410' title='bbox 2581 1031 2730 1111; x_wconf 90' lang='lat' dir='ltr'><strong>quia</strong></span> <span class='ocrx_word' id='word_1_411' title='bbox 2755 1030 2933 1093; x_wconf 83' lang='lat' dir='ltr'><strong>nulla</strong></span> <span class='ocrx_word' id='word_1_412' title='bbox 2973 1032 3234 1113; x_wconf 85' lang='lat' dir='ltr'><strong>intelligi</strong></span> <span class='ocrx_word' id='word_1_413' title='bbox 3275 1052 3384 1113; x_wconf 87' lang='lat' dir='ltr'><strong>po-</strong></span> 
     </span>
     <span class='ocr_line' id='line_1_63' title="bbox 1814 1121 3384 1205; baseline 0.006 -24"><span class='ocrx_word' id='word_1_414' title='bbox 1814 1124 1937 1181; x_wconf 86' lang='lat' dir='ltr'><strong>test</strong></span> <span class='ocrx_word' id='word_1_415' title='bbox 1967 1121 2328 1201; x_wconf 85' lang='lat' dir='ltr'><strong>hujusmodi</strong></span> <span class='ocrx_word' id='word_1_416' title='bbox 2359 1123 2648 1204; x_wconf 82' lang='lat' dir='ltr'><strong>qualitas,</strong></span> <span class='ocrx_word' id='word_1_417' title='bbox 2683 1142 2824 1205; x_wconf 81' lang='lat' dir='ltr'><strong>quoe</strong></span> <span class='ocrx_word' id='word_1_418' title='bbox 2857 1125 2936 1187; x_wconf 85' lang='lat' dir='ltr'><strong>sit</strong></span> <span class='ocrx_word' id='word_1_419' title='bbox 2963 1126 3271 1187; x_wconf 83' lang='lat' dir='ltr'><strong>transiens</strong></span> <span class='ocrx_word' id='word_1_420' title='bbox 3300 1127 3384 1190; x_wconf 85' lang='lat' dir='ltr'><strong>ad</strong></span> 
     </span>
     <span class='ocr_line' id='line_1_64' title="bbox 1812 1214 3382 1299; baseline 0.005 -24"><span class='ocrx_word' id='word_1_421' title='bbox 1812 1214 2076 1277; x_wconf 90' lang='lat' dir='ltr'><strong>modum</strong></span> <span class='ocrx_word' id='word_1_422' title='bbox 2087 1216 2178 1279; x_wconf 89' lang='lat' dir='ltr'><strong>rei</strong></span> <span class='ocrx_word' id='word_1_423' title='bbox 2201 1218 2590 1293; x_wconf 76' lang='lat' dir='ltr'><strong>successivae,</strong></span> <span class='ocrx_word' id='word_1_424' title='bbox 2615 1219 2760 1299; x_wconf 88' lang='lat' dir='ltr'><strong>quia</strong></span> <span class='ocrx_word' id='word_1_425' title='bbox 2775 1236 2904 1280; x_wconf 87' lang='lat' dir='ltr'><strong>non</strong></span> <span class='ocrx_word' id='word_1_426' title='bbox 2915 1218 3172 1281; x_wconf 86' lang='lat' dir='ltr'><strong>habebit</strong></span> <span class='ocrx_word' id='word_1_427' title='bbox 3185 1238 3382 1283; x_wconf 88' lang='lat' dir='ltr'><strong>unam</strong></span> 
     </span>
     <span class='ocr_line' id='line_1_65' title="bbox 1814 1310 3379 1391; baseline 0.005 -23"><span class='ocrx_word' id='word_1_428' title='bbox 1814 1314 2059 1388; x_wconf 88' lang='lat' dir='ltr'><strong>partem</strong></span> <span class='ocrx_word' id='word_1_429' title='bbox 2095 1316 2241 1391; x_wconf 88' lang='lat' dir='ltr'><strong>post</strong></span> <span class='ocrx_word' id='word_1_430' title='bbox 2274 1310 2493 1385; x_wconf 87' lang='lat' dir='ltr'><strong>aliam,</strong></span> <span class='ocrx_word' id='word_1_431' title='bbox 2539 1312 2650 1373; x_wconf 91' lang='lat' dir='ltr'><strong>sed</strong></span> <span class='ocrx_word' id='word_1_432' title='bbox 2677 1315 2808 1374; x_wconf 88' lang='lat' dir='ltr'><strong>tota</strong></span> <span class='ocrx_word' id='word_1_433' title='bbox 2857 1312 3042 1375; x_wconf 92' lang='lat' dir='ltr'><strong>simul</strong></span> <span class='ocrx_word' id='word_1_434' title='bbox 3073 1314 3192 1375; x_wconf 88' lang='lat' dir='ltr'><strong>erit</strong></span> <span class='ocrx_word' id='word_1_435' title='bbox 3231 1332 3379 1376; x_wconf 88' lang='lat' dir='ltr'><strong>cum</strong></span> 
     </span>
     <span class='ocr_line' id='line_1_66' title="bbox 1814 1402 3380 1487; baseline 0.006 -24"><span class='ocrx_word' id='word_1_436' title='bbox 1814 1402 2114 1465; x_wconf 89' lang='lat' dir='ltr'><strong>omnibus</strong></span> <span class='ocrx_word' id='word_1_437' title='bbox 2139 1404 2272 1467; x_wconf 88' lang='lat' dir='ltr'><strong>suis</strong></span> <span class='ocrx_word' id='word_1_438' title='bbox 2297 1406 2585 1485; x_wconf 87' lang='lat' dir='ltr'><strong>partibus</strong></span> <span class='ocrx_word' id='word_1_439' title='bbox 2607 1424 2722 1485; x_wconf 86' lang='lat' dir='ltr'><strong>pro</strong></span> <span class='ocrx_word' id='word_1_440' title='bbox 2748 1406 2959 1487; x_wconf 90' lang='lat' dir='ltr'><strong>aliquo</strong></span> <span class='ocrx_word' id='word_1_441' title='bbox 2989 1408 3242 1471; x_wconf 86' lang='lat' dir='ltr'><strong>instanti</strong></span> <span class='ocrx_word' id='word_1_442' title='bbox 3270 1415 3380 1472; x_wconf 86' lang='lat' dir='ltr'><strong>aut</strong></span> 
     </span>
     <span class='ocr_line' id='line_1_67' title="bbox 1814 1500 3378 1583; baseline 0.005 -26"><span class='ocrx_word' id='word_1_443' title='bbox 1814 1501 2098 1575; x_wconf 87' lang='lat' dir='ltr'><strong>tempore</strong></span> <span class='ocrx_word' id='word_1_444' title='bbox 2128 1544 2145 1572; x_wconf 91' lang='lat'><strong>,</strong></span> <span class='ocrx_word' id='word_1_445' title='bbox 2197 1503 2260 1561; x_wconf 89' lang='lat' dir='ltr'><strong>et</strong></span> <span class='ocrx_word' id='word_1_446' title='bbox 2313 1500 2522 1561; x_wconf 87' lang='lat' dir='ltr'><strong>solum</strong></span> <span class='ocrx_word' id='word_1_447' title='bbox 2563 1500 2810 1564; x_wconf 86' lang='lat' dir='ltr'><strong>dicetur</strong></span> <span class='ocrx_word' id='word_1_448' title='bbox 2841 1502 3194 1579; x_wconf 80' lang='lat' dir='ltr'><strong>transiens,</strong></span> <span class='ocrx_word' id='word_1_449' title='bbox 3227 1504 3378 1583; x_wconf 91' lang='lat' dir='ltr'><strong>quia</strong></span> 
     </span>
     <span class='ocr_line' id='line_1_68' title="bbox 1813 1588 3380 1673; baseline 0.005 -22"><span class='ocrx_word' id='word_1_450' title='bbox 1813 1588 1992 1651; x_wconf 84' lang='lat' dir='ltr'><strong>brevi</strong></span> <span class='ocrx_word' id='word_1_451' title='bbox 2018 1596 2297 1671; x_wconf 88' lang='lat' dir='ltr'><strong>tempore</strong></span> <span class='ocrx_word' id='word_1_452' title='bbox 2328 1593 2630 1655; x_wconf 88' lang='lat' dir='ltr'><strong>duratura</strong></span> <span class='ocrx_word' id='word_1_453' title='bbox 2650 1601 2784 1673; x_wconf 82' lang='lat' dir='ltr'><strong>est3</strong></span> <span class='ocrx_word' id='word_1_454' title='bbox 2815 1594 3018 1656; x_wconf 88' lang='lat' dir='ltr'><strong>omnis</strong></span> <span class='ocrx_word' id='word_1_455' title='bbox 3038 1602 3250 1659; x_wconf 85' lang='lat' dir='ltr'><strong>autem</strong></span> <span class='ocrx_word' id='word_1_456' title='bbox 3267 1598 3380 1659; x_wconf 90' lang='lat' dir='ltr'><strong>hu-</strong></span> 
     </span>
     <span class='ocr_line' id='line_1_69' title="bbox 1810 1684 3381 1770; baseline 0.006 -28"><span class='ocrx_word' id='word_1_457' title='bbox 1810 1684 2088 1763; x_wconf 85' lang='lat' dir='ltr'><strong>jusmodi</strong></span> <span class='ocrx_word' id='word_1_458' title='bbox 2127 1685 2415 1764; x_wconf 87' lang='lat' dir='ltr'><strong>qualitas,</strong></span> <span class='ocrx_word' id='word_1_459' title='bbox 2467 1706 2613 1749; x_wconf 90' lang='lat' dir='ltr'><strong>cum</strong></span> <span class='ocrx_word' id='word_1_460' title='bbox 2649 1693 2875 1750; x_wconf 85' lang='lat' dir='ltr'><strong>natura</strong></span> <span class='ocrx_word' id='word_1_461' title='bbox 2911 1706 3028 1751; x_wconf 88' lang='lat' dir='ltr'><strong>sua</strong></span> <span class='ocrx_word' id='word_1_462' title='bbox 3063 1706 3192 1751; x_wconf 88' lang='lat' dir='ltr'><strong>nou</strong></span> <span class='ocrx_word' id='word_1_463' title='bbox 3221 1708 3381 1770; x_wconf 90' lang='lat' dir='ltr'><strong>pen-</strong></span> 
     </span>
     <span class='ocr_line' id='line_1_70' title="bbox 1816 1778 3379 1857; baseline 0.004 -18"><span class='ocrx_word' id='word_1_464' title='bbox 1816 1778 1962 1841; x_wconf 87' lang='lat' dir='ltr'><strong>deat</strong></span> <span class='ocrx_word' id='word_1_465' title='bbox 1992 1798 2030 1839; x_wconf 88' lang='lat' dir='ltr'><strong>a</strong></span> <span class='ocrx_word' id='word_1_466' title='bbox 2063 1796 2254 1841; x_wconf 87' lang='lat' dir='ltr'><strong>causa</strong></span> <span class='ocrx_word' id='word_1_467' title='bbox 2285 1781 2658 1857; x_wconf 83' lang='lat' dir='ltr'><strong>successiva,</strong></span> <span class='ocrx_word' id='word_1_468' title='bbox 2709 1782 2868 1843; x_wconf 88' lang='lat' dir='ltr'><strong>sicut</strong></span> <span class='ocrx_word' id='word_1_469' title='bbox 2897 1789 3302 1845; x_wconf 87' lang='lat' dir='ltr'><strong>conservatur</strong></span> <span class='ocrx_word' id='word_1_470' title='bbox 3339 1802 3379 1845; x_wconf 88' lang='lat' dir='ltr'><strong>a</strong></span> 
     </span>
     <span class='ocr_line' id='line_1_71' title="bbox 1814 1871 3377 1957; baseline 0.004 -24"><span class='ocrx_word' id='word_1_471' title='bbox 1814 1871 1941 1933; x_wconf 89' lang='lat' dir='ltr'><strong>Deo</strong></span> <span class='ocrx_word' id='word_1_472' title='bbox 1971 1890 2084 1953; x_wconf 87' lang='lat' dir='ltr'><strong>per</strong></span> <span class='ocrx_word' id='word_1_473' title='bbox 2109 1873 2300 1935; x_wconf 85' lang='lat' dir='ltr'><strong>breve</strong></span> <span class='ocrx_word' id='word_1_474' title='bbox 2325 1880 2598 1957; x_wconf 87' lang='lat' dir='ltr'><strong>tempus,</strong></span> <span class='ocrx_word' id='word_1_475' title='bbox 2629 1876 2717 1937; x_wconf 89' lang='lat' dir='ltr'><strong>ita</strong></span> <span class='ocrx_word' id='word_1_476' title='bbox 2743 1880 2950 1955; x_wconf 86' lang='lat' dir='ltr'><strong>potest</strong></span> <span class='ocrx_word' id='word_1_477' title='bbox 2976 1893 3092 1957; x_wconf 88' lang='lat' dir='ltr'><strong>per</strong></span> <span class='ocrx_word' id='word_1_478' title='bbox 3114 1876 3377 1956; x_wconf 84' lang='lat' dir='ltr'><strong>longum</strong></span> 
     </span>
     <span class='ocr_line' id='line_1_72' title="bbox 1816 1963 3376 2051; baseline 0.005 -24"><span class='ocrx_word' id='word_1_479' title='bbox 1816 1967 2194 2029; x_wconf 86' lang='lat' dir='ltr'><strong>conservari.</strong></span> <span class='ocrx_word' id='word_1_480' title='bbox 2247 1970 2310 2031; x_wconf 92' lang='lat' dir='ltr'><strong>Si</strong></span> <span class='ocrx_word' id='word_1_481' title='bbox 2351 1987 2504 2049; x_wconf 88' lang='lat' dir='ltr'><strong>ergo</strong></span> <span class='ocrx_word' id='word_1_482' title='bbox 2544 1963 2914 2051; x_wconf 80' lang='lat' dir='ltr'><strong>potestesse</strong></span> <span class='ocrx_word' id='word_1_483' title='bbox 2968 1988 3084 2051; x_wconf 90' lang='lat' dir='ltr'><strong>per</strong></span> <span class='ocrx_word' id='word_1_484' title='bbox 3114 1970 3376 2035; x_wconf 87' lang='lat' dir='ltr'><strong>modum</strong></span> 
     </span>
     <span class='ocr_line' id='line_1_73' title="bbox 1816 2062 3373 2147; baseline 0.004 -25"><span class='ocrx_word' id='word_1_485' title='bbox 1816 2062 2216 2139; x_wconf 80' lang='lat' dir='ltr'><strong>transeuntis„</strong></span> <span class='ocrx_word' id='word_1_486' title='bbox 2247 2064 2436 2125; x_wconf 89' lang='lat' dir='ltr'><strong>etiam</strong></span> <span class='ocrx_word' id='word_1_487' title='bbox 2455 2066 2684 2145; x_wconf 89' lang='lat' dir='ltr'><strong>poterit</strong></span> <span class='ocrx_word' id='word_1_488' title='bbox 2705 2084 2840 2127; x_wconf 88' lang='lat' dir='ltr'><strong>esse</strong></span> <span class='ocrx_word' id='word_1_489' title='bbox 2861 2084 3241 2146; x_wconf 88' lang='lat' dir='ltr'><strong>permanens</strong></span> <span class='ocrx_word' id='word_1_490' title='bbox 3260 2084 3373 2147; x_wconf 90' lang='lat' dir='ltr'><strong>per</strong></span> 
     </span>
     <span class='ocr_line' id='line_1_74' title="bbox 1814 2155 3376 2237; baseline 0.006 -23"><span class='ocrx_word' id='word_1_491' title='bbox 1814 2155 2076 2216; x_wconf 85' lang='lat' dir='ltr'><strong>modum</strong></span> <span class='ocrx_word' id='word_1_492' title='bbox 2120 2156 2372 2219; x_wconf 87' lang='lat' dir='ltr'><strong>habitus</strong></span> <span class='ocrx_word' id='word_1_493' title='bbox 2389 2172 2411 2236; x_wconf 82' lang='lat'>3</span> <span class='ocrx_word' id='word_1_494' title='bbox 2461 2160 2556 2219; x_wconf 88' lang='lat' dir='ltr'><strong>est</strong></span> <span class='ocrx_word' id='word_1_495' title='bbox 2607 2176 2760 2237; x_wconf 87' lang='lat' dir='ltr'><strong>ergo</strong></span> <span class='ocrx_word' id='word_1_496' title='bbox 2811 2158 3040 2221; x_wconf 90' lang='lat' dir='ltr'><strong>eadem</strong></span> <span class='ocrx_word' id='word_1_497' title='bbox 3089 2160 3248 2222; x_wconf 87' lang='lat' dir='ltr'><strong>ratio</strong></span> <span class='ocrx_word' id='word_1_498' title='bbox 3293 2158 3376 2223; x_wconf 87' lang='lat' dir='ltr'><strong>de</strong></span> 
     </span>
     <span class='ocr_line' id='line_1_75' title="bbox 1816 2250 3374 2332; baseline 0.004 -23"><span class='ocrx_word' id='word_1_499' title='bbox 1816 2255 2108 2331; x_wconf 88' lang='lat' dir='ltr'><strong>utraque,</strong></span> <span class='ocrx_word' id='word_1_500' title='bbox 2136 2256 2200 2311; x_wconf 88' lang='lat' dir='ltr'><strong>et</strong></span> <span class='ocrx_word' id='word_1_501' title='bbox 2223 2250 2621 2325; x_wconf 73' lang='lat' dir='ltr'><strong>iterationes,</strong></span> <span class='ocrx_word' id='word_1_502' title='bbox 2653 2268 2812 2331; x_wconf 88' lang='lat' dir='ltr'><strong>quas</strong></span> <span class='ocrx_word' id='word_1_503' title='bbox 2844 2253 3168 2328; x_wconf 87' lang='lat' dir='ltr'><strong>faciemus,</strong></span> <span class='ocrx_word' id='word_1_504' title='bbox 3194 2270 3374 2332; x_wconf 84' lang='lat' dir='ltr'><strong>aeque</strong></span> 
     </span>
     <span class='ocr_line' id='line_1_76' title="bbox 1816 2344 3372 2428; baseline 0.003 -23"><span class='ocrx_word' id='word_1_505' title='bbox 1816 2344 1897 2405; x_wconf 88' lang='lat' dir='ltr'><strong>de</strong></span> <span class='ocrx_word' id='word_1_506' title='bbox 1934 2348 2200 2423; x_wconf 89' lang='lat' dir='ltr'><strong>utraque</strong></span> <span class='ocrx_word' id='word_1_507' title='bbox 2227 2344 2594 2423; x_wconf 87' lang='lat' dir='ltr'><strong>procedent.</strong></span> <span class='ocrx_word' id='word_1_508' title='bbox 2625 2346 2934 2407; x_wconf 87' lang='lat' dir='ltr'><strong>Probatur</strong></span> <span class='ocrx_word' id='word_1_509' title='bbox 2961 2364 3112 2427; x_wconf 85' lang='lat' dir='ltr'><strong>ergo</strong></span> <span class='ocrx_word' id='word_1_510' title='bbox 3143 2346 3372 2428; x_wconf 82' lang='lat' dir='ltr'><strong>prima,</strong></span> 
     </span>
     <span class='ocr_line' id='line_1_77' title="bbox 1814 2436 3376 2501; baseline 0.003 -4"><span class='ocrx_word' id='word_1_511' title='bbox 1814 2436 1981 2501; x_wconf 87' lang='lat' dir='ltr'><strong>hanc</strong></span> <span class='ocrx_word' id='word_1_512' title='bbox 2025 2438 2322 2499; x_wconf 83' lang='lat' dir='ltr'><strong>virtutem</strong></span> <span class='ocrx_word' id='word_1_513' title='bbox 2363 2439 2766 2501; x_wconf 87' lang='lat' dir='ltr'><strong>humanitatis</strong></span> <span class='ocrx_word' id='word_1_514' title='bbox 2801 2440 3024 2501; x_wconf 88' lang='lat' dir='ltr'><strong>Christi</strong></span> <span class='ocrx_word' id='word_1_515' title='bbox 3069 2458 3198 2501; x_wconf 90' lang='lat' dir='ltr'><strong>non</strong></span> <span class='ocrx_word' id='word_1_516' title='bbox 3239 2456 3376 2501; x_wconf 86' lang='lat' dir='ltr'><strong>esse</strong></span> 
     </span>
     <span class='ocr_line' id='line_1_78' title="bbox 1814 2531 3370 2613; baseline 0.003 -22"><span class='ocrx_word' id='word_1_517' title='bbox 1814 2532 2094 2612; x_wconf 87' lang='lat' dir='ltr'><strong>aliquam</strong></span> <span class='ocrx_word' id='word_1_518' title='bbox 2147 2532 2510 2611; x_wconf 87' lang='lat' dir='ltr'><strong>qualitatem</strong></span> <span class='ocrx_word' id='word_1_519' title='bbox 2539 2531 2629 2592; x_wconf 93' lang='lat' dir='ltr'><strong>illi</strong></span> <span class='ocrx_word' id='word_1_520' title='bbox 2675 2532 3168 2611; x_wconf 88' lang='lat' dir='ltr'><strong>superadditam,</strong></span> <span class='ocrx_word' id='word_1_521' title='bbox 3222 2534 3370 2613; x_wconf 90' lang='lat' dir='ltr'><strong>quia</strong></span> 
     </span>
     <span class='ocr_line' id='line_1_79' title="bbox 1811 2625 3370 2707; baseline 0.001 -18"><span class='ocrx_word' id='word_1_522' title='bbox 1811 2625 1911 2689; x_wconf 79' lang='lat' dir='ltr'><strong>vel</strong></span> <span class='ocrx_word' id='word_1_523' title='bbox 1940 2626 2209 2704; x_wconf 84' lang='lat' dir='ltr'><strong>qualitas</strong></span> <span class='ocrx_word' id='word_1_524' title='bbox 2235 2626 2338 2687; x_wconf 85' lang='lat' dir='ltr'><strong>illa</strong></span> <span class='ocrx_word' id='word_1_525' title='bbox 2365 2632 2572 2707; x_wconf 86' lang='lat' dir='ltr'><strong>potest</strong></span> <span class='ocrx_word' id='word_1_526' title='bbox 2597 2632 2824 2688; x_wconf 85' lang='lat' dir='ltr'><strong>natura</strong></span> <span class='ocrx_word' id='word_1_527' title='bbox 2857 2645 2969 2689; x_wconf 86' lang='lat' dir='ltr'><strong>sua</strong></span> <span class='ocrx_word' id='word_1_528' title='bbox 3001 2626 3209 2690; x_wconf 83' lang='lat' dir='ltr'><strong>facere</strong></span> <span class='ocrx_word' id='word_1_529' title='bbox 3232 2628 3370 2690; x_wconf 76' lang='lat' dir='ltr'><strong>hoec</strong></span> 
     </span>
     <span class='ocr_line' id='line_1_80' title="bbox 1812 2720 3369 2802; baseline 0.001 -22"><span class='ocrx_word' id='word_1_530' title='bbox 1812 2738 2029 2799; x_wconf 90' lang='lat' dir='ltr'><strong>opera,</strong></span> <span class='ocrx_word' id='word_1_531' title='bbox 2061 2721 2162 2782; x_wconf 83' lang='lat' dir='ltr'><strong>vel</strong></span> <span class='ocrx_word' id='word_1_532' title='bbox 2209 2738 2370 2797; x_wconf 85' lang='lat' dir='ltr'><strong>non3</strong></span> <span class='ocrx_word' id='word_1_533' title='bbox 2403 2721 2456 2781; x_wconf 90' lang='lat' dir='ltr'><strong>si</strong></span> <span class='ocrx_word' id='word_1_534' title='bbox 2489 2739 2641 2798; x_wconf 91' lang='lat' dir='ltr'><strong>non,</strong></span> <span class='ocrx_word' id='word_1_535' title='bbox 2691 2738 2822 2783; x_wconf 90' lang='lat' dir='ltr'><strong>non</strong></span> <span class='ocrx_word' id='word_1_536' title='bbox 2851 2728 2946 2783; x_wconf 88' lang='lat' dir='ltr'><strong>est</strong></span> <span class='ocrx_word' id='word_1_537' title='bbox 2993 2740 3144 2802; x_wconf 88' lang='lat' dir='ltr'><strong>ergo</strong></span> <span class='ocrx_word' id='word_1_538' title='bbox 3173 2720 3369 2783; x_wconf 86' lang='lat' dir='ltr'><strong>virtus</strong></span> 
     </span>
     <span class='ocr_line' id='line_1_81' title="bbox 1812 2813 3372 2897; baseline 0.001 -22"><span class='ocrx_word' id='word_1_539' title='bbox 1812 2813 2291 2892; x_wconf 87' lang='lat' dir='ltr'><strong>miraculorum,</strong></span> <span class='ocrx_word' id='word_1_540' title='bbox 2351 2821 2414 2877; x_wconf 91' lang='lat' dir='ltr'><strong>et</strong></span> <span class='ocrx_word' id='word_1_541' title='bbox 2457 2816 2592 2877; x_wconf 86' lang='lat' dir='ltr'><strong>sine</strong></span> <span class='ocrx_word' id='word_1_542' title='bbox 2645 2834 2837 2877; x_wconf 87' lang='lat' dir='ltr'><strong>cansa</strong></span> <span class='ocrx_word' id='word_1_543' title='bbox 2874 2816 3163 2897; x_wconf 85' lang='lat' dir='ltr'><strong>ponitur,</strong></span> <span class='ocrx_word' id='word_1_544' title='bbox 3221 2832 3372 2877; x_wconf 89' lang='lat' dir='ltr'><strong>nam</strong></span> 
     </span>
     <span class='ocr_line' id='line_1_82' title="bbox 1812 2908 3377 2989; baseline 0 -20"><span class='ocrx_word' id='word_1_545' title='bbox 1812 2908 2122 2989; x_wconf 87' lang='lat' dir='ltr'><strong>oportebit</strong></span> <span class='ocrx_word' id='word_1_546' title='bbox 2170 2908 2252 2970; x_wconf 90' lang='lat' dir='ltr'><strong>de</strong></span> <span class='ocrx_word' id='word_1_547' title='bbox 2295 2908 2520 2971; x_wconf 89' lang='lat' dir='ltr'><strong>eadem</strong></span> <span class='ocrx_word' id='word_1_548' title='bbox 2559 2928 2866 2989; x_wconf 61' lang='lat' dir='ltr'><strong>quaerere,</strong></span> <span class='ocrx_word' id='word_1_549' title='bbox 2898 2908 3213 2989; x_wconf 87' lang='lat' dir='ltr'><strong>quomodo</strong></span> <span class='ocrx_word' id='word_1_550' title='bbox 3250 2909 3377 2970; x_wconf 88' lang='lat' dir='ltr'><strong>ele-</strong></span> 
     </span>
     <span class='ocr_line' id='line_1_83' title="bbox 1810 3002 3372 3083; baseline 0.003 -22"><span class='ocrx_word' id='word_1_551' title='bbox 1810 3006 1993 3063; x_wconf 81' lang='lat' dir='ltr'><strong>vetur</strong></span> <span class='ocrx_word' id='word_1_552' title='bbox 2006 3002 2088 3064; x_wconf 88' lang='lat' dir='ltr'><strong>ad</strong></span> <span class='ocrx_word' id='word_1_553' title='bbox 2107 3002 2424 3083; x_wconf 80' lang='lat' dir='ltr'><strong>agendum</strong></span> <span class='ocrx_word' id='word_1_554' title='bbox 2446 3004 2611 3067; x_wconf 89' lang='lat' dir='ltr'><strong>ultra</strong></span> <span class='ocrx_word' id='word_1_555' title='bbox 2625 3003 2928 3065; x_wconf 87' lang='lat' dir='ltr'><strong>terminos</strong></span> <span class='ocrx_word' id='word_1_556' title='bbox 2947 3010 3187 3065; x_wconf 66' lang='lat' dir='ltr'><strong>naturae</strong></span> <span class='ocrx_word' id='word_1_557' title='bbox 3207 3022 3334 3067; x_wconf 81' lang='lat' dir='ltr'><strong>suae</strong></span> <span class='ocrx_word' id='word_1_558' title='bbox 3351 3023 3372 3080; x_wconf 82' lang='lat'><em>3</em></span> 
     </span>
     <span class='ocr_line' id='line_1_84' title="bbox 1812 3096 3374 3183; baseline 0 -26"><span class='ocrx_word' id='word_1_559' title='bbox 1812 3096 1865 3157; x_wconf 91' lang='lat' dir='ltr'><strong>si</strong></span> <span class='ocrx_word' id='word_1_560' title='bbox 1892 3114 2044 3157; x_wconf 82' lang='lat' dir='ltr'><strong>vero</strong></span> <span class='ocrx_word' id='word_1_561' title='bbox 2071 3096 2318 3159; x_wconf 90' lang='lat' dir='ltr'><strong>dicatur</strong></span> <span class='ocrx_word' id='word_1_562' title='bbox 2346 3104 2570 3159; x_wconf 90' lang='lat' dir='ltr'><strong>natura</strong></span> <span class='ocrx_word' id='word_1_563' title='bbox 2607 3115 2722 3159; x_wconf 88' lang='lat' dir='ltr'><strong>sua</strong></span> <span class='ocrx_word' id='word_1_564' title='bbox 2773 3098 2892 3159; x_wconf 93' lang='lat' dir='ltr'><strong>hoc</strong></span> <span class='ocrx_word' id='word_1_565' title='bbox 2915 3114 3124 3177; x_wconf 90' lang='lat' dir='ltr'><strong>posse,</strong></span> <span class='ocrx_word' id='word_1_566' title='bbox 3158 3104 3374 3183; x_wconf 79' lang='lat' dir='ltr'><strong>contra</strong></span> 
     </span>
     <span class='ocr_line' id='line_1_85' title="bbox 1808 3190 3374 3273; baseline 0.001 -22"><span class='ocrx_word' id='word_1_567' title='bbox 1808 3190 1929 3252; x_wconf 88' lang='lat' dir='ltr'><strong>hoc</strong></span> <span class='ocrx_word' id='word_1_568' title='bbox 1947 3190 2300 3273; x_wconf 89' lang='lat' dir='ltr'><strong>procedunt</strong></span> <span class='ocrx_word' id='word_1_569' title='bbox 2311 3190 2445 3252; x_wconf 85' lang='lat' dir='ltr'><strong>fere</strong></span> <span class='ocrx_word' id='word_1_570' title='bbox 2475 3208 2696 3253; x_wconf 86' lang='lat' dir='ltr'><strong>omnes</strong></span> <span class='ocrx_word' id='word_1_571' title='bbox 2718 3190 2994 3253; x_wconf 88' lang='lat' dir='ltr'><strong>rationes</strong></span> <span class='ocrx_word' id='word_1_572' title='bbox 3023 3191 3200 3253; x_wconf 81' lang='lat' dir='ltr'><strong>factae</strong></span> <span class='ocrx_word' id='word_1_573' title='bbox 3221 3208 3374 3271; x_wconf 78' lang='lat' dir='ltr'><strong>proe-</strong></span> 
     </span>
     <span class='ocr_line' id='line_1_86' title="bbox 1811 3282 3374 3365; baseline 0.001 -21"><span class='ocrx_word' id='word_1_574' title='bbox 1811 3282 2060 3345; x_wconf 89' lang='lat' dir='ltr'><strong>cedenti</strong></span> <span class='ocrx_word' id='word_1_575' title='bbox 2099 3284 2398 3361; x_wconf 86' lang='lat' dir='ltr'><strong>sectione,</strong></span> <span class='ocrx_word' id='word_1_576' title='bbox 2448 3284 2675 3365; x_wconf 87' lang='lat' dir='ltr'><strong>quibus</strong></span> <span class='ocrx_word' id='word_1_577' title='bbox 2733 3283 3148 3361; x_wconf 78' lang='lat' dir='ltr'><strong>ostendimuS,</strong></span> <span class='ocrx_word' id='word_1_578' title='bbox 3190 3302 3374 3363; x_wconf 88' lang='lat' dir='ltr'><strong>supe·-</strong></span> 
     </span>
     <span class='ocr_line' id='line_1_87' title="bbox 1809 3378 3375 3459; baseline 0.001 -20"><span class='ocrx_word' id='word_1_579' title='bbox 1809 3396 1952 3441; x_wconf 85' lang='lat' dir='ltr'><strong>rare</strong></span> <span class='ocrx_word' id='word_1_580' title='bbox 1995 3378 2350 3441; x_wconf 87' lang='lat' dir='ltr'><strong>naturalem</strong></span> <span class='ocrx_word' id='word_1_581' title='bbox 2382 3380 2828 3459; x_wconf 83' lang='lat' dir='ltr'><strong>perfectionem</strong></span> <span class='ocrx_word' id='word_1_582' title='bbox 2873 3378 3190 3459; x_wconf 86' lang='lat' dir='ltr'><strong>qualitatis</strong></span> <span class='ocrx_word' id='word_1_583' title='bbox 3235 3380 3375 3441; x_wconf 90' lang='lat' dir='ltr'><strong>fini·-</strong></span> 
     </span>
     <span class='ocr_line' id='line_1_88' title="bbox 1808 3472 3372 3555; baseline -0.001 -20"><span class='ocrx_word' id='word_1_584' title='bbox 1808 3476 1913 3547; x_wconf 78' lang='lat' dir='ltr'><strong>tae,</strong></span> <span class='ocrx_word' id='word_1_585' title='bbox 1944 3474 2180 3535; x_wconf 87' lang='lat' dir='ltr'><strong>habere</strong></span> <span class='ocrx_word' id='word_1_586' title='bbox 2206 3474 2558 3536; x_wconf 87' lang='lat' dir='ltr'><strong>naturalem</strong></span> <span class='ocrx_word' id='word_1_587' title='bbox 2576 3474 2703 3535; x_wconf 87' lang='lat' dir='ltr'><strong>vim</strong></span> <span class='ocrx_word' id='word_1_588' title='bbox 2723 3472 2804 3536; x_wconf 88' lang='lat' dir='ltr'><strong>ad</strong></span> <span class='ocrx_word' id='word_1_589' title='bbox 2825 3474 3155 3536; x_wconf 84' lang='lat' dir='ltr'><strong>efficienda</strong></span> <span class='ocrx_word' id='word_1_590' title='bbox 3181 3491 3372 3555; x_wconf 87' lang='lat' dir='ltr'><strong>opera</strong></span> 
     </span>
     <span class='ocr_line' id='line_1_89' title="bbox 1810 3566 3372 3647; baseline 0.001 -22"><span class='ocrx_word' id='word_1_591' title='bbox 1810 3584 2004 3645; x_wconf 89' lang='lat' dir='ltr'><strong>supra</strong></span> <span class='ocrx_word' id='word_1_592' title='bbox 2031 3570 2227 3629; x_wconf 87' lang='lat' dir='ltr'><strong>totam</strong></span> <span class='ocrx_word' id='word_1_593' title='bbox 2256 3566 2465 3647; x_wconf 85' lang='lat' dir='ltr'><strong>legem</strong></span> <span class='ocrx_word' id='word_1_594' title='bbox 2494 3571 2736 3629; x_wconf 81' lang='lat' dir='ltr'><strong>naturoe</strong></span> <span class='ocrx_word' id='word_1_595' title='bbox 2751 3612 2772 3643; x_wconf 92' lang='lat'><strong>,</strong></span> <span class='ocrx_word' id='word_1_596' title='bbox 2819 3568 3026 3629; x_wconf 86' lang='lat' dir='ltr'><strong>solum</strong></span> <span class='ocrx_word' id='word_1_597' title='bbox 3055 3567 3202 3647; x_wconf 88' lang='lat' dir='ltr'><strong>quia</strong></span> <span class='ocrx_word' id='word_1_598' title='bbox 3241 3582 3372 3627; x_wconf 87' lang='lat' dir='ltr'><strong>non</strong></span> 
     </span>
     <span class='ocr_line' id='line_1_90' title="bbox 1809 3659 3374 3749; baseline 0 -28"><span class='ocrx_word' id='word_1_599' title='bbox 1809 3659 2134 3749; x_wconf 60' lang='lat' dir='ltr'><strong>implicant</strong></span> <span class='ocrx_word' id='word_1_600' title='bbox 2171 3661 2754 3723; x_wconf 87' lang='lat' dir='ltr'><strong>contradictionem.</strong></span> <span class='ocrx_word' id='word_1_601' title='bbox 2807 3660 2985 3733; x_wconf 87' lang='lat' dir='ltr'><strong>Quod</strong></span> <span class='ocrx_word' id='word_1_602' title='bbox 3031 3660 3084 3721; x_wconf 87' lang='lat' dir='ltr'><strong>si</strong></span> <span class='ocrx_word' id='word_1_603' title='bbox 3129 3659 3374 3723; x_wconf 85' lang='lat' dir='ltr'><strong>dicatur</strong></span> 
     </span>
     <span class='ocr_line' id='line_1_91' title="bbox 1810 3752 3374 3835; baseline 0 -20"><span class='ocrx_word' id='word_1_604' title='bbox 1810 3770 1919 3815; x_wconf 88' lang='lat' dir='ltr'><strong>cas</strong></span> <span class='ocrx_word' id='word_1_605' title='bbox 1938 3755 2214 3816; x_wconf 87' lang='lat' dir='ltr'><strong>rationes</strong></span> <span class='ocrx_word' id='word_1_606' title='bbox 2241 3754 2585 3834; x_wconf 89' lang='lat' dir='ltr'><strong>procedere</strong></span> <span class='ocrx_word' id='word_1_607' title='bbox 2610 3754 2689 3817; x_wconf 90' lang='lat' dir='ltr'><strong>de</strong></span> <span class='ocrx_word' id='word_1_608' title='bbox 2709 3754 3018 3835; x_wconf 88' lang='lat' dir='ltr'><strong>principio</strong></span> <span class='ocrx_word' id='word_1_609' title='bbox 3046 3752 3374 3833; x_wconf 86' lang='lat' dir='ltr'><strong>principali</strong></span> 
     </span>
     <span class='ocr_line' id='line_1_92' title="bbox 1808 3844 3375 3928; baseline -0.001 -19"><span class='ocrx_word' id='word_1_610' title='bbox 1808 3846 2063 3928; x_wconf 82' lang='lat' dir='ltr'><strong>agendi,</strong></span> <span class='ocrx_word' id='word_1_611' title='bbox 2107 3864 2237 3909; x_wconf 91' lang='lat' dir='ltr'><strong>non</strong></span> <span class='ocrx_word' id='word_1_612' title='bbox 2281 3865 2430 3909; x_wconf 86' lang='lat' dir='ltr'><strong>vero</strong></span> <span class='ocrx_word' id='word_1_613' title='bbox 2461 3848 2540 3910; x_wconf 88' lang='lat' dir='ltr'><strong>de</strong></span> <span class='ocrx_word' id='word_1_614' title='bbox 2569 3848 3007 3922; x_wconf 82' lang='lat' dir='ltr'><strong>instrumente,</strong></span> <span class='ocrx_word' id='word_1_615' title='bbox 3047 3846 3251 3909; x_wconf 89' lang='lat' dir='ltr'><strong>fateor</strong></span> <span class='ocrx_word' id='word_1_616' title='bbox 3290 3844 3375 3908; x_wconf 88' lang='lat' dir='ltr'><strong>ad</strong></span> 
     </span>
     <span class='ocr_line' id='line_1_93' title="bbox 1810 3940 3369 4021; baseline -0.001 -18"><span class='ocrx_word' id='word_1_617' title='bbox 1810 3942 1929 4003; x_wconf 90' lang='lat' dir='ltr'><strong>hoc</strong></span> <span class='ocrx_word' id='word_1_618' title='bbox 1947 3940 2344 4021; x_wconf 88' lang='lat' dir='ltr'><strong>probandum</strong></span> <span class='ocrx_word' id='word_1_619' title='bbox 2368 3941 2603 4003; x_wconf 89' lang='lat' dir='ltr'><strong>habere</strong></span> <span class='ocrx_word' id='word_1_620' title='bbox 2619 3941 2926 4021; x_wconf 89' lang='lat' dir='ltr'><strong>majorem</strong></span> <span class='ocrx_word' id='word_1_621' title='bbox 2945 3940 3074 4001; x_wconf 89' lang='lat' dir='ltr'><strong>vim</strong></span> <span class='ocrx_word' id='word_1_622' title='bbox 3085 3956 3106 4018; x_wconf 83' lang='lat'>3</span> <span class='ocrx_word' id='word_1_623' title='bbox 3127 3946 3369 4016; x_wconf 89' lang='lat' dir='ltr'><strong>tamen,</strong></span> 
     </span>
     <span class='ocr_line' id='line_1_94' title="bbox 1810 4032 3370 4115; baseline 0 -20"><span class='ocrx_word' id='word_1_624' title='bbox 1810 4034 1863 4095; x_wconf 87' lang='lat' dir='ltr'><strong>si</strong></span> <span class='ocrx_word' id='word_1_625' title='bbox 1886 4034 2434 4115; x_wconf 87' lang='lat' dir='ltr'><strong>proportionaliter</strong></span> <span class='ocrx_word' id='word_1_626' title='bbox 2459 4035 2871 4115; x_wconf 87' lang='lat' dir='ltr'><strong>applicentur,</strong></span> <span class='ocrx_word' id='word_1_627' title='bbox 2903 4032 3130 4095; x_wconf 88' lang='lat' dir='ltr'><strong>saltem</strong></span> <span class='ocrx_word' id='word_1_628' title='bbox 3157 4032 3370 4095; x_wconf 79' lang='lat' dir='ltr'><strong>multae</strong></span> 
     </span>
     <span class='ocr_line' id='line_1_95' title="bbox 1810 4128 3368 4212; baseline -0.001 -20"><span class='ocrx_word' id='word_1_629' title='bbox 1810 4148 1887 4192; x_wconf 83' lang='lat' dir='ltr'><strong>ex</strong></span> <span class='ocrx_word' id='word_1_630' title='bbox 1914 4130 2036 4191; x_wconf 89' lang='lat' dir='ltr'><strong>illis</strong></span> <span class='ocrx_word' id='word_1_631' title='bbox 2061 4130 2210 4193; x_wconf 90' lang='lat' dir='ltr'><strong>satis</strong></span> <span class='ocrx_word' id='word_1_632' title='bbox 2236 4132 2644 4212; x_wconf 88' lang='lat' dir='ltr'><strong>probabiliter</strong></span> <span class='ocrx_word' id='word_1_633' title='bbox 2672 4128 3030 4203; x_wconf 86' lang='lat' dir='ltr'><strong>ostendunt,</strong></span> <span class='ocrx_word' id='word_1_634' title='bbox 3061 4128 3368 4191; x_wconf 84' lang='lat' dir='ltr'><strong>excedere</strong></span> 
     </span>
     <span class='ocr_line' id='line_1_96' title="bbox 1807 4222 3370 4306; baseline -0.002 -20"><span class='ocrx_word' id='word_1_635' title='bbox 1807 4224 2261 4305; x_wconf 86' lang='lat' dir='ltr'><strong>perfectionem</strong></span> <span class='ocrx_word' id='word_1_636' title='bbox 2297 4226 2624 4306; x_wconf 86' lang='lat' dir='ltr'><strong>cujusdam</strong></span> <span class='ocrx_word' id='word_1_637' title='bbox 2655 4222 2991 4287; x_wconf 86' lang='lat' dir='ltr'><strong>accidentis</strong></span> <span class='ocrx_word' id='word_1_638' title='bbox 3021 4230 3081 4285; x_wconf 90' lang='lat' dir='ltr'><strong>et</strong></span> <span class='ocrx_word' id='word_1_639' title='bbox 3110 4222 3370 4303; x_wconf 87' lang='lat' dir='ltr'><strong>qualita-</strong></span> 
     </span>
     <span class='ocr_line' id='line_1_97' title="bbox 1811 4318 3370 4395; baseline -0.003 -14"><span class='ocrx_word' id='word_1_640' title='bbox 1811 4321 1887 4381; x_wconf 91' lang='lat' dir='ltr'><strong>tis</strong></span> <span class='ocrx_word' id='word_1_641' title='bbox 1922 4320 2138 4395; x_wconf 81' lang='lat' dir='ltr'><strong>finitoe,</strong></span> <span class='ocrx_word' id='word_1_642' title='bbox 2193 4320 2429 4383; x_wconf 83' lang='lat' dir='ltr'><strong>habere</strong></span> <span class='ocrx_word' id='word_1_643' title='bbox 2477 4320 2954 4383; x_wconf 87' lang='lat' dir='ltr'><strong>connaturalem</strong></span> <span class='ocrx_word' id='word_1_644' title='bbox 2980 4320 3128 4391; x_wconf 87' lang='lat' dir='ltr'><strong>vim,</strong></span> <span class='ocrx_word' id='word_1_645' title='bbox 3180 4318 3370 4380; x_wconf 88' lang='lat' dir='ltr'><strong>etiam</strong></span> 
     </span>
     <span class='ocr_line' id='line_1_98' title="bbox 1808 4412 3369 4493; baseline 0 -18"><span class='ocrx_word' id='word_1_646' title='bbox 1808 4412 2371 4491; x_wconf 88' lang='lat' dir='ltr'><strong>instrumentalem,</strong></span> <span class='ocrx_word' id='word_1_647' title='bbox 2423 4414 2504 4475; x_wconf 87' lang='lat' dir='ltr'><strong>ad</strong></span> <span class='ocrx_word' id='word_1_648' title='bbox 2541 4419 2628 4477; x_wconf 89' lang='lat' dir='ltr'><strong>tot</strong></span> <span class='ocrx_word' id='word_1_649' title='bbox 2667 4413 2952 4489; x_wconf 76' lang='lat' dir='ltr'><strong>effectuS,</strong></span> <span class='ocrx_word' id='word_1_650' title='bbox 2982 4418 3236 4493; x_wconf 86' lang='lat' dir='ltr'><strong>tamque</strong></span> <span class='ocrx_word' id='word_1_651' title='bbox 3267 4428 3369 4475; x_wconf 86' lang='lat' dir='ltr'><strong>su-</strong></span> 
     </span>
     <span class='ocr_line' id='line_1_99' title="bbox 1806 4504 3368 4588; baseline -0.002 -19"><span class='ocrx_word' id='word_1_652' title='bbox 1806 4508 2240 4588; x_wconf 83' lang='lat' dir='ltr'><strong>pernaturales</strong></span> <span class='ocrx_word' id='word_1_653' title='bbox 2270 4513 2333 4570; x_wconf 86' lang='lat' dir='ltr'><strong>et</strong></span> <span class='ocrx_word' id='word_1_654' title='bbox 2385 4506 2810 4571; x_wconf 86' lang='lat' dir='ltr'><strong>admirabiles.</strong></span> <span class='ocrx_word' id='word_1_655' title='bbox 2857 4507 3145 4571; x_wconf 89' lang='lat' dir='ltr'><strong>Secundo</strong></span> <span class='ocrx_word' id='word_1_656' title='bbox 3161 4552 3184 4583; x_wconf 96' lang='lat'><strong>,</strong></span> <span class='ocrx_word' id='word_1_657' title='bbox 3220 4504 3368 4587; x_wconf 86' lang='lat' dir='ltr'><strong>quia</strong></span> 
     </span>
     <span class='ocr_line' id='line_1_100' title="bbox 1810 4598 3369 4685; baseline -0.002 -22"><span class='ocrx_word' id='word_1_658' title='bbox 1810 4602 2015 4665; x_wconf 87' lang='lat' dir='ltr'><strong>omnis</strong></span> <span class='ocrx_word' id='word_1_659' title='bbox 2044 4602 2334 4682; x_wconf 77' lang='lat' dir='ltr'><strong>qualitaS,</strong></span> <span class='ocrx_word' id='word_1_660' title='bbox 2362 4620 2503 4683; x_wconf 85' lang='lat' dir='ltr'><strong>quae</strong></span> <span class='ocrx_word' id='word_1_661' title='bbox 2535 4607 2832 4685; x_wconf 88' lang='lat' dir='ltr'><strong>operatur</strong></span> <span class='ocrx_word' id='word_1_662' title='bbox 2859 4600 2941 4663; x_wconf 89' lang='lat' dir='ltr'><strong>ad</strong></span> <span class='ocrx_word' id='word_1_663' title='bbox 2969 4598 3369 4662; x_wconf 87' lang='lat' dir='ltr'><strong>efficiendum</strong></span> 
     </span>
     <span class='ocr_line' id='line_1_101' title="bbox 1809 4694 3370 4777; baseline -0.002 -20"><span class='ocrx_word' id='word_1_664' title='bbox 1809 4696 2144 4777; x_wconf 80' lang='lat' dir='ltr'><strong>perfectius</strong></span> <span class='ocrx_word' id='word_1_665' title='bbox 2163 4715 2322 4775; x_wconf 92' lang='lat' dir='ltr'><strong>opus</strong></span> <span class='ocrx_word' id='word_1_666' title='bbox 2342 4714 2457 4777; x_wconf 90' lang='lat' dir='ltr'><strong>per</strong></span> <span class='ocrx_word' id='word_1_667' title='bbox 2476 4695 2739 4757; x_wconf 89' lang='lat' dir='ltr'><strong>modum</strong></span> <span class='ocrx_word' id='word_1_668' title='bbox 2752 4694 3178 4769; x_wconf 85' lang='lat' dir='ltr'><strong>instrumenti,</strong></span> <span class='ocrx_word' id='word_1_669' title='bbox 3201 4710 3370 4755; x_wconf 87' lang='lat' dir='ltr'><strong>sem·-</strong></span> 
     </span>
     <span class='ocr_line' id='line_1_102' title="bbox 1808 4788 3367 4871; baseline -0.003 -20"><span class='ocrx_word' id='word_1_670' title='bbox 1808 4808 1924 4870; x_wconf 90' lang='lat' dir='ltr'><strong>per</strong></span> <span class='ocrx_word' id='word_1_671' title='bbox 1969 4790 2124 4853; x_wconf 90' lang='lat' dir='ltr'><strong>illud</strong></span> <span class='ocrx_word' id='word_1_672' title='bbox 2167 4790 2315 4851; x_wconf 80' lang='lat' dir='ltr'><strong>tacit</strong></span> <span class='ocrx_word' id='word_1_673' title='bbox 2359 4790 2568 4851; x_wconf 90' lang='lat' dir='ltr'><strong>media</strong></span> <span class='ocrx_word' id='word_1_674' title='bbox 2619 4790 2832 4871; x_wconf 87' lang='lat' dir='ltr'><strong>aliqua</strong></span> <span class='ocrx_word' id='word_1_675' title='bbox 2872 4790 3121 4852; x_wconf 85' lang='lat' dir='ltr'><strong>actione</strong></span> <span class='ocrx_word' id='word_1_676' title='bbox 3165 4788 3367 4869; x_wconf 86' lang='lat' dir='ltr'><strong>magis</strong></span> 
     </span>
     <span class='ocr_line' id='line_1_103' title="bbox 1810 4882 3370 4965; baseline -0.002 -19"><span class='ocrx_word' id='word_1_677' title='bbox 1810 4884 2302 4964; x_wconf 88' lang='lat' dir='ltr'><strong>proportionata,</strong></span> <span class='ocrx_word' id='word_1_678' title='bbox 2351 4884 2528 4965; x_wconf 86' lang='lat' dir='ltr'><strong>cujus</strong></span> <span class='ocrx_word' id='word_1_679' title='bbox 2557 4884 2686 4965; x_wconf 90' lang='lat' dir='ltr'><strong>ipsa</strong></span> <span class='ocrx_word' id='word_1_680' title='bbox 2721 4885 2800 4945; x_wconf 86' lang='lat' dir='ltr'><strong>sit</strong></span> <span class='ocrx_word' id='word_1_681' title='bbox 2827 4882 3016 4945; x_wconf 82' lang='lat' dir='ltr'><strong>veluti</strong></span> <span class='ocrx_word' id='word_1_682' title='bbox 3047 4883 3370 4963; x_wconf 88' lang='lat' dir='ltr'><strong>proprium</strong></span> 
     </span>
     <span class='ocr_line' id='line_1_104' title="bbox 1810 4975 3368 5057; baseline -0.001 -18"><span class='ocrx_word' id='word_1_683' title='bbox 1810 4984 1872 5040; x_wconf 89' lang='lat' dir='ltr'><strong>et</strong></span> <span class='ocrx_word' id='word_1_684' title='bbox 1900 4977 2244 5057; x_wconf 76' lang='lat' dir='ltr'><strong>prinprale</strong></span> <span class='ocrx_word' id='word_1_685' title='bbox 2273 4978 2690 5057; x_wconf 89' lang='lat' dir='ltr'><strong>principium;</strong></span> <span class='ocrx_word' id='word_1_686' title='bbox 2727 4983 2816 5051; x_wconf 88' lang='lat' dir='ltr'><strong>ut,</strong></span> <span class='ocrx_word' id='word_1_687' title='bbox 2850 4976 2902 5037; x_wconf 87' lang='lat' dir='ltr'><strong>si</strong></span> <span class='ocrx_word' id='word_1_688' title='bbox 2947 4975 3118 5039; x_wconf 90' lang='lat' dir='ltr'><strong>calor</strong></span> <span class='ocrx_word' id='word_1_689' title='bbox 3142 4983 3236 5038; x_wconf 89' lang='lat' dir='ltr'><strong>est</strong></span> <span class='ocrx_word' id='word_1_690' title='bbox 3275 4976 3368 5037; x_wconf 89' lang='lat' dir='ltr'><strong>in-</strong></span> 
     </span>
     <span class='ocr_line' id='line_1_105' title="bbox 1810 5070 3368 5133; baseline -0.002 0"><span class='ocrx_word' id='word_1_691' title='bbox 1810 5076 2232 5133; x_wconf 86' lang='lat' dir='ltr'><strong>strumentum</strong></span> <span class='ocrx_word' id='word_1_692' title='bbox 2271 5070 2352 5133; x_wconf 90' lang='lat' dir='ltr'><strong>ad</strong></span> <span class='ocrx_word' id='word_1_693' title='bbox 2380 5072 2733 5133; x_wconf 88' lang='lat' dir='ltr'><strong>faciendam</strong></span> <span class='ocrx_word' id='word_1_694' title='bbox 2761 5070 3032 5133; x_wconf 83' lang='lat' dir='ltr'><strong>formam</strong></span> <span class='ocrx_word' id='word_1_695' title='bbox 3079 5070 3368 5132; x_wconf 89' lang='lat' dir='ltr'><strong>substan-</strong></span> 
     </span>
     <span class='ocr_line' id='line_1_106' title="bbox 1810 5165 3369 5247; baseline -0.003 -20"><span class='ocrx_word' id='word_1_696' title='bbox 1810 5166 2046 5239; x_wconf 87' lang='lat' dir='ltr'><strong>tialem,</strong></span> <span class='ocrx_word' id='word_1_697' title='bbox 2076 5166 2194 5227; x_wconf 89' lang='lat' dir='ltr'><strong>hoc</strong></span> <span class='ocrx_word' id='word_1_698' title='bbox 2213 5166 2361 5231; x_wconf 83' lang='lat' dir='ltr'><strong>facit</strong></span> <span class='ocrx_word' id='word_1_699' title='bbox 2379 5166 2611 5247; x_wconf 82' lang='lat' dir='ltr'><strong>praevia</strong></span> <span class='ocrx_word' id='word_1_700' title='bbox 2639 5165 3073 5237; x_wconf 84' lang='lat' dir='ltr'><strong>calefactione,</strong></span> <span class='ocrx_word' id='word_1_701' title='bbox 3107 5182 3248 5245; x_wconf 83' lang='lat' dir='ltr'><strong>quae</strong></span> <span class='ocrx_word' id='word_1_702' title='bbox 3272 5168 3369 5225; x_wconf 88' lang='lat' dir='ltr'><strong>est</strong></span> 
     </span>
     <span class='ocr_line' id='line_1_107' title="bbox 1811 5256 3372 5339; baseline -0.001 -19"><span class='ocrx_word' id='word_1_703' title='bbox 1811 5259 1971 5321; x_wconf 87' lang='lat' dir='ltr'><strong>actio</strong></span> <span class='ocrx_word' id='word_1_704' title='bbox 2020 5258 2137 5321; x_wconf 88' lang='lat' dir='ltr'><strong>sibi</strong></span> <span class='ocrx_word' id='word_1_705' title='bbox 2183 5260 2655 5321; x_wconf 86' lang='lat' dir='ltr'><strong>accommodata</strong></span> <span class='ocrx_word' id='word_1_706' title='bbox 2683 5263 2985 5339; x_wconf 88' lang='lat' dir='ltr'><strong>tanquam</strong></span> <span class='ocrx_word' id='word_1_707' title='bbox 3023 5256 3276 5337; x_wconf 89' lang='lat' dir='ltr'><strong>proprio</strong></span> <span class='ocrx_word' id='word_1_708' title='bbox 3307 5260 3372 5319; x_wconf 79' lang='lat' dir='ltr'><strong>et</strong></span> 
     </span>
     <span class='ocr_line' id='line_1_108' title="bbox 1810 5350 3361 5434; baseline -0.001 -21"><span class='ocrx_word' id='word_1_709' title='bbox 1810 5352 2142 5434; x_wconf 85' lang='lat' dir='ltr'><strong>principali</strong></span> <span class='ocrx_word' id='word_1_710' title='bbox 2168 5354 2496 5434; x_wconf 81' lang='lat' dir='ltr'><strong>principiO,</strong></span> <span class='ocrx_word' id='word_1_711' title='bbox 2535 5360 2598 5415; x_wconf 90' lang='lat' dir='ltr'><strong>et</strong></span> <span class='ocrx_word' id='word_1_712' title='bbox 2624 5353 2790 5414; x_wconf 89' lang='lat' dir='ltr'><strong>idem</strong></span> <span class='ocrx_word' id='word_1_713' title='bbox 2818 5358 2912 5414; x_wconf 87' lang='lat' dir='ltr'><strong>est</strong></span> <span class='ocrx_word' id='word_1_714' title='bbox 2952 5350 3031 5413; x_wconf 86' lang='lat' dir='ltr'><strong>de</strong></span> <span class='ocrx_word' id='word_1_715' title='bbox 3080 5350 3361 5429; x_wconf 78' lang='lat' dir='ltr'><strong>reliquie.</strong></span> 
     </span>
     <span class='ocr_line' id='line_1_109' title="bbox 1808 5444 3360 5529; baseline -0.001 -20"><span class='ocrx_word' id='word_1_716' title='bbox 1808 5448 1886 5509; x_wconf 89' lang='lat' dir='ltr'><strong>Et</strong></span> <span class='ocrx_word' id='word_1_717' title='bbox 1913 5449 2034 5510; x_wconf 90' lang='lat' dir='ltr'><strong>hoc</strong></span> <span class='ocrx_word' id='word_1_718' title='bbox 2065 5448 2440 5529; x_wconf 88' lang='lat' dir='ltr'><strong>principium</strong></span> <span class='ocrx_word' id='word_1_719' title='bbox 2468 5446 2680 5510; x_wconf 89' lang='lat' dir='ltr'><strong>docuit</strong></span> <span class='ocrx_word' id='word_1_720' title='bbox 2702 5448 2775 5509; x_wconf 88' lang='lat' dir='ltr'><strong>D.</strong></span> <span class='ocrx_word' id='word_1_721' title='bbox 2805 5444 3062 5524; x_wconf 82' lang='lat' dir='ltr'><strong>Thom.,</strong></span> <span class='ocrx_word' id='word_1_722' title='bbox 3087 5448 3119 5505; x_wconf 86' lang='grc'><strong>1</strong></span> <span class='ocrx_word' id='word_1_723' title='bbox 3167 5450 3329 5525; x_wconf 86' lang='lat' dir='ltr'><strong>part.</strong></span> <span class='ocrx_word' id='word_1_724' title='bbox 3337 5490 3360 5523; x_wconf 90' lang='lat'><strong>,</strong></span> 
     </span>
     <span class='ocr_line' id='line_1_110' title="bbox 1811 5534 3362 5621; baseline -0.001 -18"><span class='ocrx_word' id='word_1_725' title='bbox 1811 5546 2036 5621; x_wconf 85' lang='lat' dir='ltr'><strong>quaest.</strong></span> <span class='ocrx_word' id='word_1_726' title='bbox 2072 5544 2178 5619; x_wconf 75' lang='lat'><strong>45,</strong></span> <span class='ocrx_word' id='word_1_727' title='bbox 2209 5546 2324 5605; x_wconf 84' lang='lat' dir='ltr'><strong>art.</strong></span> <span class='ocrx_word' id='word_1_728' title='bbox 2356 5544 2428 5613; x_wconf 67' lang='grc' dir='ltr'><strong>ὅς</strong></span> <span class='ocrx_word' id='word_1_729' title='bbox 2464 5540 2861 5603; x_wconf 76' lang='lat' dir='ltr'><strong>strationem</strong></span> <span class='ocrx_word' id='word_1_730' title='bbox 2889 5538 3028 5619; x_wconf 85' lang='lat' dir='ltr'><strong>ejus</strong></span> <span class='ocrx_word' id='word_1_731' title='bbox 3071 5534 3362 5616; x_wconf 85' lang='lat' dir='ltr'><strong>reddidit,</strong></span> 
     </span>
    </p>
   </div>
  </div>
 </body>
</html>
