3892 6167
1381 272 1698 328 msPUTA'r.
1733 271 1854 326 le.
1887 273 2058 328 SECT.
2092 275 2151 328 V.

131 373 579 450 advertentis,
620 390 735 435 seu
769 371 918 452 quia
964 373 1231 436 occurrit
1278 373 1514 454 aliquid
1561 373 1728 436 exci-

129 473 304 530 tans
337 468 420 531 ad
451 469 637 530 unlus
681 467 1284 545 considerationem,
1317 475 1382 532 et
1417 486 1546 533 non
1577 469 1728 530 olte-

133 563 336 636 rius;
369 561 558 624 simili
589 580 740 641 ergo
767 561 956 622 modo
991 561 1220 641 poterit
1259 563 1548 624 voluntas
1587 579 1728 624 mo-

141 658 302 717 veri
351 654 416 716 in
469 655 810 736 objectum,
853 657 1044 734 prout
1093 655 1554 720 consideratum
1606 661 1722 718 est.

139 750 376 830 Atque
410 749 579 811 huno
615 748 876 810 modum
905 749 1423 828 apprehensionis
1450 750 1552 813 vel
1577 749 1730 811 ims-

143 843 412 922 ginum‚
436 842 538 904 vel
565 843 831 905 aliarum
857 859 1071 904 rerum
1095 861 1439 919 sacrarum,
1467 843 1616 906 satis
1637 845 1658 921 (
1665 849 1730 905 ut

147 937 435 1016 opinor)
465 936 602 1017 ipsa
639 937 1022 1017 experientia
1054 936 1357 1009 ostendit3
1393 936 1728 998 vimaeenim

147 1032 486 1111 imagine,
527 1033 716 1094 etlam
755 1030 808 1092 si
855 1030 1027 1092 illam
1075 1031 1624 1111 apprehendamus
1660 1038 1733 1094 ut

145 1141 302 1187 rem
336 1139 582 1186 sacram
630 1130 696 1187 et
737 1127 1100 1187 reverenter
1142 1125 1530 1186 tractandam
1554 1171 1568 1200 ,
1599 1143 1731 1186 non

145 1223 386 1280 tamen
415 1235 664 1298 semper
709 1219 916 1281 statim
947 1219 1297 1298 cogitamus
1341 1219 1629 1300 explicite
1659 1237 1734 1282 ac

147 1311 516 1374 formaliter
539 1312 622 1374 de
649 1311 914 1387 Christo,
951 1313 1127 1374 verbi
1167 1315 1389 1395 gratia,
1419 1315 1486 1375 in
1529 1329 1605 1376 ea
1638 1331 1734 1376 re-

149 1407 572 1482 praesentato,
620 1424 692 1467 ac
735 1405 814 1467 de
856 1405 1221 1468 excellentia
1263 1407 1366 1470 vel
1409 1407 1731 1469 divinitate

151 1499 214 1576 ej
228 1517 326 1573 us,
361 1505 618 1578 propter
657 1512 847 1578 qnam
895 1515 1139 1561 summe
1169 1501 1570 1564 venerandus
1601 1507 1725 1577 est;

149 1597 260 1654 cst
293 1609 449 1672 ergo
479 1610 561 1654 ex
592 1598 774 1672 parte
801 1591 1156 1654 intellectus
1183 1611 1310 1655 non
1340 1595 1543 1655 solum
1581 1613 1732 1675 pos-

150 1685 386 1762 sibilis,
419 1685 535 1748 sed
562 1687 753 1748 etism
781 1686 980 1749 facilis
1008 1688 1090 1749 sd
1127 1687 1598 1770 intelligendum
1628 1689 1732 1751 hie

149 1779 394 1842 modus
446 1779 999 1855 considerationis;
1052 1782 1170 1844 erit
1217 1800 1371 1864 ergo
1419 1782 1606 1845 stiam
1653 1801 1733 1844 ex

149 1881 344 1956 parte
397 1875 737 1936 voluntatis
784 1875 1103 1957 possibilis
1151 1876 1296 1939 talis
1347 1876 1730 1939 adorationis

147 1967 394 2030 modus
403 1985 426 2046 3
458 1985 644 2043 nam,
676 1967 1001 2049 supposita
1035 1969 1260 2048 objecti
1303 1970 1728 2050 propositione

153 2071 224 2126 et
271 2063 618 2124 voluntatis
665 2061 953 2124 libertate
979 2109 994 2137 ‚
1041 2063 1215 2124 nulla
1261 2064 1422 2128 ratio
1469 2065 1729 2143 cogitari

149 2163 374 2238 potest
403 2162 660 2238 propter
691 2173 882 2235 quam
929 2155 1072 2218 talis
1117 2162 1294 2219 actus
1329 2156 1729 2237 impossibilis

153 2255 263 2314 sit.

247 2349 350 2410 14.
392 2349 608 2428 Imayo
654 2353 844 2412 mento
891 2363 929 2409 a
970 2349 1290 2428 prototypo
1328 2343 1588 2425 precisa
1627 2345 1727 2408 720-

152 2447 330 2505 neste
355 2442 671 2516 adoratwr,
698 2441 834 2524 ipso
860 2457 980 2502 non
1005 2441 1274 2503 adorato.
1311 2471 1394 2486 -
1432 2439 1730 2518 Superest

155 2541 233 2595 ut
273 2535 538 2596 alteram
585 2539 830 2614 partem
875 2533 1236 2614 probemus,
1271 2531 1526 2609 scilicet,
1555 2533 1726 2593 hunc

159 2632 376 2690 actum
421 2645 561 2690 esse
589 2633 837 2689 rectum
867 2633 930 2689 et
959 2627 1334 2700 honestum:
1364 2627 1487 2689 hoc
1516 2633 1729 2689 autem

155 2721 470 2802 probatur
494 2721 698 2802 primo
730 2739 807 2783 ex
832 2721 940 2782 illo
985 2721 1208 2782 eodem
1238 2721 1578 2802 principio,
1611 2723 1730 2784 sci-

155 2814 338 2890 licet,
370 2814 712 2892 imaginem
760 2833 903 2876 cum
947 2819 1278 2896 prototypo
1327 2831 1514 2894 posse
1562 2815 1728 2877 licite

156 2905 416 2968 adorari
445 2907 698 2987 proprie
728 2914 791 2970 et
819 2909 881 2968 in
927 2925 1034 2984 se3
1075 2925 1259 2983 nam,
1285 2907 1540 2990 quando
1575 2909 1728 2970 ado-

154 3009 346 3062 ratur
365 3017 489 3061 non
511 3001 771 3064 adorato
793 3001 1026 3064 directe
1045 3007 1403 3082 prototypo,
1425 3019 1546 3064 nec
1567 3002 1729 3064 exis-

117 3113 138 3124 ·
157 3097 427 3156 timetur
455 3094 646 3174 digna
664 3095 886 3175 majori
907 3095 1327 3170 veneratione,
1351 3113 1468 3156 nec
1496 3112 1566 3156 re
1594 3096 1728 3176 ipsa

159 3187 439 3250 afficitur
473 3189 695 3270 majori
729 3189 968 3250 honore
1009 3205 1200 3266 quam
1243 3205 1389 3250 eum
1435 3189 1732 3252 adoratur

161 3283 356 3344 simul
385 3300 528 3345 cum
566 3289 935 3363 prototypo:
969 3283 1095 3344 imo
1125 3282 1590 3362 quodammodo
1617 3284 1732 3344 mi·

161 3395 292 3438 nus
317 3377 540 3440 colitur
561 3377 752 3457 priori
779 3376 991 3453 mod0,
1017 3376 1160 3457 quia
1191 3377 1256 3436 in
1283 3395 1354 3438 re
1382 3382 1555 3437 actus
1583 3377 1730 3438 ado·

161 3469 447 3546 rationis,
483 3470 592 3550 qui
642 3475 987 3543 exercetur,
1021 3471 1227 3530 minus
1253 3469 1570 3549 perfectus
1595 3475 1723 3541 θεὶς

164 3581 347 3642 ergo,
380 3563 429 3624 si
458 3563 738 3626 adoratio
780 3564 1114 3643 conjuncta
1146 3565 1238 3641 (ut
1263 3564 1350 3624 sic
1379 3563 1610 3641 dicam)
1653 3562 1728 3623 li-

163 3657 292 3718 cita
321 3663 447 3732 est,
480 3657 668 3719 etiam
696 3655 892 3718 altera
921 3657 1234 3736 disjuncta
1273 3657 1390 3719 erit
1429 3655 1620 3719 licita.
1653 3657 1729 3718 Et

164 3751 598 3826 confirmatur,
623 3769 774 3812 nam
797 3757 1066 3830 utraque
1090 3751 1306 3812 nititur
1327 3752 1396 3811 in
1423 3751 1730 3813 excellen-

162 3848 252 3908 tia
288 3847 604 3926 prototypi
633 3850 890 3928 propter
925 3863 1112 3923 quem
1141 3847 1439 3908 adoratur
1491 3847 1726 3926 imago,

167 3946 236 4002 et
274 3941 421 4001 hinc
447 3939 639 4002 habet
668 3939 835 4019 quod
865 3939 1031 4001 licita
1060 3940 1160 4001 sit.
1193 3939 1370 4015 Quod
1407 3958 1558 4002 vero
1587 3957 1732 4002 cum

159 4033 273 4095 illa
295 4035 718 4115 conjungatur
753 4033 1038 4096 adoratio
1062 4031 1298 4095 directa
1329 4033 1726 4115 exemplam,

157 4127 492 4190 materiale
524 4127 678 4208 quid
706 4132 818 4201 est,
851 4135 913 4189 et
939 4145 1055 4206 per
1079 4127 1371 4189 accidens
1410 4129 1476 4188 in
1513 4128 1731 4190 ordine

160 4221 251 4283 ad
295 4223 688 4284 honestatem
739 4220 1120 4283 adorationis
1147 4221 1460 4300 imaginiS,
1491 4221 1545 4282 sl
1575 4221 1730 4282 alio-

159 4316 277 4397 qui
305 4313 439 4376 fieri
485 4321 688 4395 potest
719 4317 786 4377 ut
815 4315 1137 4394 exemplar
1163 4315 1244 4376 sit
1269 4315 1429 4375 ratio
1459 4315 1730 4376 adoran-

161 4412 256 4484 di,
291 4410 476 4471 etlam
523 4408 576 4470 si
622 4427 752 4470 non
799 4409 880 4470 sit
923 4409 1237 4488 objectum
1283 4407 1452 4488 quod
1500 4423 1616 4488 per
1659 4425 1728 4470 se

159 4506 370 4586 primo
399 4503 716 4577 adoratur,
741 4503 908 4583 quod
931 4503 1066 4565 fieri
1097 4519 1284 4584 posse
1313 4502 1722 4564 ostendimus.

162 4597 458 4660 Secundo
501 4601 927 4678 argumentor,
977 4597 1126 4676 quia
1165 4596 1232 4657 in
1269 4595 1376 4657 illo
1423 4594 1727 4658 adorandi

163 4689 362 4753 niodo
393 4690 543 4754 nihil
581 4691 886 4770 assignari
914 4695 1142 4770 potest,
1172 4707 1297 4770 quo
1325 4688 1468 4752 talis
1511 4690 1730 4752 adora-

165 4785 257 4847 tio
287 4783 499 4846 illicita
527 4783 629 4858 sit,
661 4789 768 4846 aut
793 4793 1014 4846 contra
1040 4789 1278 4846 rectam
1303 4783 1640 4854 rationem,
1670 4789 1733 4847 et

170 4877 427 4940 aliunde
472 4877 794 4940 hahetille
835 4883 1011 4939 actus
1054 4877 1372 4956 objectum
1397 4875 1733 4938 honestum

171 4979 238 5034 et
266 4972 492 5035 rationi
515 4977 1042 5046 consentaneum3
1071 4987 1222 5048 ergo
1253 4971 1370 5032 erit
1399 4969 1542 5032 talis
1569 4970 1732 5030 actio

169 5067 439 5127 honesta
469 5071 530 5127 et
555 5065 742 5127 licita.
770 5064 1166 5127 Antecedens
1185 5063 1562 5140 declaratur,
1580 5079 1732 5122 nam

173 5161 240 5220 in
287 5177 361 5220 ea
391 5159 633 5221 actione
661 5159 786 5220 duo
823 5157 1202 5220 considerari
1241 5163 1541 5236 possunt,
1575 5154 1734 5216 scili·

175 5260 297 5326 cet,
324 5253 392 5314 id·
417 5253 586 5331 quod
613 5251 703 5330 fit,
729 5259 790 5313 et
817 5249 882 5312 id
909 5249 1080 5330 quod
1101 5250 1440 5314 omittitur:
1463 5250 1534 5312 fit
1563 5249 1732 5312 enim

173 5347 377 5408 honor
405 5347 664 5427 imagini
689 5351 946 5425 propter
973 5345 1314 5424 exemplar,
1341 5349 1406 5405 et
1433 5343 1736 5406 omittitur

179 5439 412 5502 directa
441 5439 810 5520 exemplaris
833 5438 1138 5514 adoratio,
1161 5444 1230 5500 ot
1253 5436 1486 5518 proprii
1507 5435 1732 5515 objecti

3252 278 3367 340 631

1809 373 2052 437 adorati
2074 381 2147 437 ut
2176 375 2378 455 quod;
2409 377 2522 439 sed
2549 377 2705 440 illud
2727 378 3023 459 primum,
3050 398 3165 462 per
3185 399 3253 444 se
3282 383 3373 446 lo·

1809 468 2089 548 quondo,
2108 488 2239 531 non
2267 476 2364 534 est
2390 471 2649 549 malum,
2676 473 2789 542 sed
2818 474 3025 554 potius
3046 475 3285 540 bonum
3306 484 3373 540 et

1807 561 2035 626 rationi
2068 571 2563 628 eonsentaneum
2584 611 2607 642 ,
2650 566 2799 644 quia
2831 567 3039 648 imago
3084 588 3233 632 vere
3274 576 3374 634 est

1807 656 2197 719 honor-abilis
2216 664 2474 738 propter
2492 660 2835 740 exemplar,
2858 668 2927 726 ut
2947 663 3057 726 VH
3074 664 3369 744 synodus

1809 769 1973 830 saepe
1992 751 2197 827 docet,
2226 758 2292 815 et
2310 771 2502 832 supra
2532 755 2889 829 retulimusz
2914 757 3027 818 sed
3051 775 3167 837 per
3194 759 3370 822 illum

1810 847 2025 906 actum
2058 844 2179 908 hoc
2224 845 2415 909 modo
2444 846 2769 922 adoratui-3
2801 868 3011 930 nsque
3042 852 3375 916 exhibetur

1807 937 1898 998 illi
1927 938 2133 1018 major
2170 939 2398 1018 honor,
2439 958 2632 1020 quam
2664 942 2746 1006 sit
2771 943 2877 1006 ille
2921 960 3047 1023 quo
3094 945 3229 1027 ipsa
3276 952 3374 1010 est

1813 1031 2043 1113 digna3
2070 1050 2279 1114 neque
2306 1042 2565 1114 propter
2590 1035 2778 1100 aliam
2806 1037 3111 1102 rationem
3127 1085 3149 1117 ‚
3180 1058 3374 1120 quem

1813 1128 1892 1188 sit
1919 1126 2031 1188 illa
2068 1145 2210 1207 quae
2240 1128 2305 1190 in
2331 1129 2443 1192 tali
2478 1147 2548 1192 re
2586 1130 2849 1194 inveniri
2876 1138 3117 1212 potest3
3162 1151 3373 1213 neque

1813 1221 2071 1282 demum
2116 1220 2205 1282 ibi
2247 1221 2549 1286 miscetur
2588 1223 2799 1302 aliqua
2850 1228 3232 1306 superstitio,
3264 1234 3374 1291 aut

1811 1313 1987 1376 falsae
2026 1315 2500 1378 existimationis
2542 1317 2953 1397 signifieati03
2985 1321 3133 1401 quia
3162 1339 3277 1400 per
3302 1321 3375 1384 il-

1812 1407 1940 1469 lam
1972 1408 2355 1476 adorationis
2376 1415 2593 1472 notam
2618 1429 2749 1474 non
2776 1412 3185 1492 significatur.
3216 1415 3374 1478 ima-

1813 1503 2026 1583 ginem
2050 1502 2285 1565 habere
2310 1503 2376 1564 in
2400 1521 2467 1566 se
2496 1504 2955 1582 excellentiam,
2980 1506 3063 1569 ob
3082 1526 3270 1588 quam
3294 1510 3376 1571 sit

1811 1596 2003 1676 digna
2032 1595 2319 1658 absoluta
2344 1597 2732 1676 adoratione,
2760 1600 2877 1662 sed
2898 1601 3101 1663 solum
3135 1601 3371 1664 habere

1809 1695 2165 1770 respectum
2216 1691 2299 1752 ad
2334 1691 2767 1754 excellentiam
2813 1693 3099 1770 alterius,
3130 1696 3372 1758 ratione

1811 1785 1995 1864 cujus
2044 1782 2385 1845 adorabilis
2424 1789 2521 1846 est
2530 1799 2552 1862 3
2598 1803 2750 1864 ergo
2794 1785 2953 1848 nihil
2994 1787 3257 1866 positive
3304 1787 3375 1850 flt

1809 1896 1926 1957 per
1954 1893 2096 1938 eam
2127 1877 2463 1954 actionem,
2488 1878 2569 1940 ob
2602 1895 2793 1956 quam
2822 1881 3021 1959 possit
3046 1880 3245 1962 turpis
3264 1884 3375 1944 aut

1809 1969 2251 2032 irrationabilis
2292 1970 2657 2035 existimari.

1892 2066 1994 2126 15.
2016 2062 2275 2137 Deinde,
2298 2063 2467 2142 quod
2487 2064 2555 2126 in
2578 2064 2701 2127 hoc
2723 2081 2959 2145 genere
2985 2067 3373 2131 adorationis

1811 2157 2138 2232 omittitur,
2164 2173 2277 2218 seu
2306 2157 2513 2235 potius
2544 2175 2673 2223 non
2698 2157 2792 2236 fit,
2822 2177 3031 2239 neque
3056 2162 3121 2222 in
3156 2179 3225 2222 se
3243 2179 3373 2222 ma-

1809 2252 1941 2313 lum
1963 2268 2215 2331 semper
2244 2255 2359 2327 est,
2396 2267 2607 2330 neque
2646 2259 2715 2314 ut
2740 2253 3207 2318 circumstantia
3233 2255 3375 2318 talis

1809 2350 2023 2409 actus:
2072 2361 2225 2425 ergo
2266 2362 2473 2426 neque
2522 2362 2599 2406 ex
2649 2345 2771 2408 hoc
2818 2348 3021 2428 capite
3068 2349 3189 2410 erit
3232 2349 3378 2411 talis

1811 2437 2097 2500 adoratio
2148 2437 2335 2500 mala.
2390 2437 2791 2502 Antecedens
2839 2440 3051 2520 quoad
3100 2441 3375 2521 priorem

1807 2537 2055 2610 partem
2078 2530 2455 2607 declaretur,
2486 2532 2635 2611 quia
2658 2551 2787 2594 non
2812 2551 3062 2613 semper
3081 2539 3376 2599 tenemur

1811 2643 2107 2686 exercere
2147 2630 2357 2687 actum
2395 2624 2777 2690 adorationis
2818 2626 2933 2688 Dei
2964 2633 3075 2689 aut
3104 2627 3374 2708 alicujus

1807 2719 2057 2791 Sancti3
2085 2735 2235 2779 nam
2269 2725 2655 2800 proeoeptum
2686 2719 3093 2795 adorationis,
3120 2739 3261 2784 eum
3288 2722 3370 2784 sit

1811 2811 2277 2886 affirmativum,
2328 2829 2456 2872 non
2502 2811 2735 2892 obligat
2776 2830 2891 2892 pro
2937 2830 3213 2892 semper:
3260 2815 3374 2878 sed

1807 2913 1961 2970 tune
1986 2905 2053 2966 in
2080 2923 2158 2968 eo
2186 2903 2377 2968 modo
2416 2905 2723 2968 adorandi
2764 2905 2917 2968 nihil
2946 2907 3117 2970 aliud
3144 2907 3375 2970 omitti·

1807 3006 1914 3062 tur
1941 2997 2065 3060 nisi
2090 2998 2328 3061 directa
2356 2999 2731 3079 exemplaris
2748 2999 3065 3076 ador-stim
3100 3018 3250 3080 ergo
3274 3019 3377 3062 ra-

1811 3095 1985 3156 tione
2020 3092 2119 3154 sui
2151 3092 2258 3154 illa
2298 3094 2553 3156 omissio
2584 3111 2715 3156 non
2752 3111 3005 3175 semper
3042 3101 3140 3158 est
3179 3095 3371 3172 mala,

1810 3186 1911 3248 vel
1954 3193 2172 3248 contra
2222 3187 2555 3250 rationem.
2589 3187 2802 3250 Altera
2826 3205 2979 3250 vero
3019 3206 3167 3268 pars
3196 3195 3375 3252 ante-

1812 3279 2115 3350 cedentis,
2150 3278 2404 3355 scilicet,
2436 3279 2609 3356 quod
2633 3297 2841 3360 neque
2872 3286 2945 3343 ut
2970 3281 3377 3348 circumstan-

1811 3374 1898 3436 tia
1923 3371 2069 3434 talis
2096 3371 2361 3434 actionis
2384 3371 2487 3434 illa
2512 3373 2795 3434 carentia
2822 3373 2987 3436 mala
3014 3376 3117 3452 sit,
3144 3377 3377 3456 proba-

1807 3473 1933 3536 tur,
1950 3464 2099 3544 quia
2116 3461 2361 3526 nullum
2380 3470 2587 3543 potest
2604 3466 2941 3545 excogitari
2956 3475 3369 3550 praeceptum,

1805 3560 1908 3620 vel
1944 3557 2312 3638 negativum
2356 3556 2699 3637 prohibens
2723 3559 2915 3622 talem
2966 3561 3374 3627 circumstan-

1807 3655 1991 3730 tiam,
2039 3649 2143 3712 vel
2192 3649 2637 3712 affirmativum
2678 3651 3046 3734 precipiens
3095 3661 3188 3732 ut,
3218 3673 3373 3735 quo·

1805 3748 2177 3826 tiescunque
2198 3745 2496 3808 adoratur
2514 3745 2725 3827 imago
2740 3753 2999 3826 propter
3026 3749 3369 3829 exemplar,

1783 3841 2111 3904 adoretur
2164 3839 2359 3902 etism
2410 3838 2733 3919 exemplar
2777 3839 3013 3906 directe
3064 3847 3129 3903 et
3177 3843 3245 3904 in
3280 3861 3371 3920 se,

1810 3940 2116 4013 tanquam
2163 3931 2477 4012 objectum
2520 3931 2725 4011 quod;
2778 3933 2900 3994 hoc
2949 3935 3119 3998 enim
3144 3953 3376 4015 preecc-

1807 4036 1987 4109 ptum
2014 4043 2227 4106 neque
2258 4043 2335 4088 ex
2364 4024 2495 4087 sols
2538 4025 2785 4090 ratione
2814 4028 3084 4092 naturali
3126 4030 3371 4094 ostendi

1809 4127 2039 4203 potest,
2072 4137 2216 4182 cum
2244 4119 2393 4182 satis
2418 4117 2807 4185 declaratum
2830 4121 2910 4184 sit
2960 4139 3146 4202 posse
3178 4142 3373 4186 uuam

1809 4213 2239 4277 adorationem
2269 4213 2353 4275 ab
2378 4212 2575 4275 altera
2608 4214 2965 4293 praescindi,
2995 4222 3057 4277 et
3100 4216 3163 4281 in
3200 4222 3371 4279 ntra-

1809 4327 1934 4390 que
1983 4307 2247 4388 reperiri
2285 4307 2619 4372 honestam
2660 4325 2938 4388 causam,
2971 4316 3033 4374 et
3060 4311 3370 4374 rationem

1808 4402 2115 4465 adorandi
2156 4402 2291 4464 sine
2334 4403 2778 4484 conjunctione
2818 4404 3047 4468 actuali
3089 4404 3367 4468 alterius.

1807 4496 2097 4577 Denique
2122 4495 2231 4558 ills
2255 4496 2492 4560 directa
2528 4495 2809 4560 adoratio
2838 4498 3216 4577 exemplaris
3242 4515 3373 4560 non

1810 4595 1908 4651 est
1945 4589 2303 4652 necessaria
2346 4595 2419 4652 ut
2462 4588 2746 4652 adoratio
2795 4591 3088 4671 imaginis
3141 4590 3373 4653 habeat

1811 4682 2094 4745 debitum
2126 4683 2325 4746 finem
2362 4684 2651 4746 ultimum
2698 4701 2815 4746 seu
2842 4689 3151 4746 remotum
3177 4727 3193 4757 ,
3224 4684 3373 4762 quia

1813 4795 1892 4838 ex
1935 4795 2005 4840 se
2048 4775 2249 4839 tendit
2274 4775 2339 4838 in
2386 4779 2500 4840 Dei
2530 4795 2644 4838 seu
2676 4777 2993 4858 prototypi
3020 4777 3363 4852 honorem;

1813 4889 2023 4950 neque
2079 4871 2266 4932 etiam
2309 4877 2405 4933 est
2434 4870 2788 4934 necessaria
2830 4877 2899 4932 ut
2936 4867 3167 4933 habeat
3192 4870 3369 4933 debi-

1813 4969 1951 5025 tum
1978 4963 2175 5026 finem
2196 4964 2575 5043 proximum,
2600 4965 2746 5042 quia
2774 4963 2910 5024 sine
2939 4964 3047 5026 illa
3064 4965 3257 5027 habet
3282 4971 3371 5026 ta·

1811 5058 1892 5120 lis
1913 5065 2091 5121 actus
2119 5057 2404 5120 debitum
2432 5056 2747 5137 objectum
2776 5057 3039 5120 formale
3082 5066 3143 5122 et
3170 5065 3373 5121 mate-

1812 5152 1989 5228 riale,
2030 5157 2101 5214 ut
2123 5152 2455 5233 probatum
2481 5157 2611 5224 est;
2644 5149 2785 5213 finis
2812 5157 3023 5215 autem
3051 5153 3372 5231 proximus

1787 5241 1973 5307 ‘nihil
2000 5245 2171 5308 aliud
2196 5251 2286 5308 est
2315 5263 2508 5325 quam
2536 5245 2815 5308 debitum
2842 5245 3155 5325 objectum
3183 5247 3373 5309 actio·

1812 5339 1936 5402 nis.
1960 5339 2125 5420 Ergo
2151 5357 2228 5401 ex
2254 5339 2403 5400 solis
2430 5339 2749 5420 principiis
2780 5339 3038 5401 rationis
3066 5339 3372 5402 naturalis

1815 5433 2023 5513 colligi
2038 5451 2165 5496 non
2184 5437 2392 5514 potest
2404 5438 2783 5516 praeceptum
2804 5432 3093 5512 obligans
3110 5431 3195 5494 ad
3208 5432 3371 5496 hanc
