3892 6167
1308 385 1629 441 nlsru'rA'r.
1662 385 1835 439 xbtn.
1868 385 2038 441 swr.
2075 388 2162 442 lll.

114 491 238 548 tum
262 488 433 552 dedit
476 486 641 550 mihi
682 483 897 560 Pate-r,
924 480 1019 550 oio
1056 485 1235 562 facio,
1287 488 1409 548 hoc
1450 487 1640 548 modo
1668 506 1685 550 ε

116 577 280 654 Quod
300 581 737 664 complacitum
762 583 853 642 eet
884 577 1006 653 illi,
1048 583 1107 642 ot
1142 579 1439 644 dem-etum
1482 580 1555 642 ab
1596 597 1682 656 oo,

110 674 375 752 suscipio
418 679 483 737 et
520 671 761 753 perficio
774 696 802 745 ;
847 676 909 732 et
938 670 1139 734 infra:
1195 671 1560 736 Mandatum
1590 672 1687 737 de·

112 766 219 840 dic,
250 768 359 832 hoo
385 773 483 832 ost
510 765 725 838 voluit,
754 765 937 840 dimit,
983 767 1365 848 approbavit,
1404 767 1679 830 decrevit.

114 859 181 918 Et
196 859 619 922 confirmatur
643 857 849 938 primo
880 873 958 920 ex
985 859 1191 922 verbis
1210 859 1493 938 ejusdem
1517 861 1686 922 Chri-

114 952 203 1024 sti,
234 952 473 1014 Joann.
535 955 651 1014 1οε
699 952 1033 1033 Propterea
1080 969 1171 1016 mo
1216 953 1430 1035 diliqt't
1464 955 1681 1031 Pater,

116 1046 253 1124 quia
280 1063 389 1128 eqo
412 1065 581 1127 pono
622 1045 891 1110 animam
934 1061 1123 1111 meam
1141 1091 1163 1125 ,
1212 1052 1281 1112 uc
1324 1049 1545 1111 iterum
1584 1065 1685 1112 su·

116 1153 269 1198 mam
302 1157 437 1201 eam
452 1164 479 1212 ;
512 1155 683 1201 nomo
709 1139 874 1202 tollit
899 1155 1029 1202 eam
1054 1157 1093 1204 a
1129 1155 1238 1214 mo,
1272 1141 1377 1204 sed
1404 1155 1506 1220 eqo
1529 1157 1685 1224 pono

122 1249 237 1292 eam
261 1249 299 1293 a
320 1250 415 1294 mc
446 1231 589 1312 ipso
603 1256 629 1306 ;
656 1236 1008 1314 potestatem
1037 1231 1214 1296 habeo
1244 1235 1503 1314 ponendi
1528 1250 1680 1310 eam,

120 1329 171 1385 ct
193 1327 561 1404 potestatem
602 1323 779 1387 habeo
818 1323 1037 1386 iterum
1060 1327 1331 1390 sumendi
1368 1343 1535 1400 eam;
1578 1327 1685 1389 hoc

122 1416 469 1480 ntandamm
494 1415 703 1498 accepi
751 1407 791 1480 ἃ
816 1417 1012 1481 Patre
1047 1435 1194 1481 meo.
1230 1418 1348 1479 Ubi
1374 1418 1683 1500 imprimis

124 1507 337 1570 eodem
389 1509 591 1571 modo
648 1510 927 1590 loquitur
981 1509 1262 1574 Christus
1330 1511 1409 1572 de
1478 1515 1684 1574 morte

126 1620 229 1662 sua
284 1607 347 1663 et
396 1605 867 1666 resurrectione
886 1649 911 1680 ,
961 1603 1291 1684 utriusque
1346 1603 1563 1668 dicens
1616 1621 1685 1666 se

128 1695 411 1758 habuisse
434 1697 812 1759 mandatum
841 1715 878 1758 a
908 1699 1125 1771 Patre;
1166 1715 1295 1760 non
1334 1705 1539 1778 potest
1576 1717 1685 1760 su-

127 1795 245 1850 tem
287 1787 410 1852 dici
450 1789 758 1852 habuisse
788 1790 1114 1872 proprium
1166 1799 1551 1872 proeceptum
1592 1809 1694 1854 re-

129 1881 450 1961 surgendi,
494 1890 643 1946 tum
696 1885 845 1964 quia
886 1885 1041 1946 illud
1087 1886 1293 1964 magis
1344 1892 1479 1950 erat
1532 1905 1691 1967 opus

130 1973 457 2037 divinitatis
478 1995 681 2056 quam
709 1979 1115 2040 humanitatis
1133 1995 1153 2056 3
1182 1985 1316 2042 tum
1334 1981 1523 2042 etiem
1542 1982 1689 2060 quia

132 2065 272 2128 alias
310 2088 569 2152 semper
602 2070 879 2134 Christus
908 2079 1204 2152 operatus
1238 2077 1405 2136 esset
1427 2091 1505 2135 ex
1532 2091 1690 2154 prae·

132 2165 320 2240 cepte,
352 2165 507 2242 quia
538 2163 625 2226 de
652 2165 942 2228 omnibus
972 2167 1209 2230 sciebat
1240 2167 1439 2228 Patris
1475 2166 1693 2230 volun-

134 2259 306 2316 tatem
330 2274 347 2330 ;
386 2274 545 2338 ergo
569 2276 781 2338 neque
798 2259 1109 2322 moriendi
1132 2259 1351 2322 habuit
1368 2261 1691 2341 proprium

134 2354 526 2428 praeceptum.
588 2351 829 2416 Deinde
869 2353 937 2412 in
990 2352 1110 2414 illis
1154 2351 1360 2416 verbis
1412 2355 1691 2418 insinuat

137 2441 397 2504 Christus
429 2444 643 2506 totum
671 2443 792 2506 hoc
834 2444 1159 2526 negotium
1188 2449 1457 2526 positum
1498 2447 1689 2510 fuisse

136 2534 195 2593 in
216 2552 323 2596 suo
354 2535 619 2598 arbitrio
642 2543 706 2600 et
725 2537 1069 2614 voluntate,
1100 2541 1471 2619 quodetiam
1500 2541 1694 2623 Chry-

144 2633 279 2688 sost.
324 2629 604 2706 notavit,
644 2632 813 2692 hom.
846 2633 925 2694 24
971 2649 1161 2712 super
1189 2634 1270 2695 ad
1308 2635 1495 2712 Heb.,
1527 2635 1691 2698 circa

143 2721 315 2780 verba
342 2721 446 2782 illa
468 2740 525 2786 0.
561 2725 643 2785 12
666 2739 683 2786 ι
705 2723 1086 2808 Aspicimus
1113 2725 1181 2788 in
1204 2735 1501 2791 auctorem
1524 2730 1687 2808 fidoi,

146 2819 196 2875 et
220 2823 751 2882 consummatorem
794 2819 847 2882 J
849 2835 1037 2894 emm,
1090 2820 1199 2902 qui
1226 2823 1541 2902 proposito
1576 2821 1695 2886 sibi

144 2909 342 2984 qaudio
360 2911 669 2974 sustinuit
696 2929 950 2988 crucem,
979 2915 1324 2994 confusione
1338 2919 1690 2993 contempta.

150 3001 217 3060 At
241 3019 377 3064 vero
406 3003 461 3064 si
496 3003 832 3068 habuisset
864 3008 1191 3088 proprium
1238 3012 1304 3070 et
1340 3007 1694 3088 rigorosum

148 3109 532 3176 praeceptum,
575 3117 706 3160 non
750 3105 917 3164 esset
942 3101 1308 3182 simpliciter
1334 3103 1607 3182 positum
1631 3102 1697 3163 in

151 3187 269 3266 eJus
308 3189 599 3254 arbritrio
644 3200 709 3254 et
738 3195 1083 3258 voluntate.
1142 3193 1259 3258 Ubi
1304 3194 1493 3257 etiam
1545 3194 1700 3256 insi-

152 3285 359 3342 nuatur
382 3283 545 3346 ratio
578 3283 687 3348 illa
719 3304 909 3368 supra
938 3293 1224 3363 tractata,
1252 3287 1401 3368 quia
1445 3287 1495 3350 si
1527 3287 1698 3350 Chri·

156 3377 241 3432 tus
264 3373 587 3442 habuisset
614 3377 976 3458 hujusmodi
998 3387 1401 3461 praeceptum,
1449 3399 1579 3442 non
1623 3381 1700 3442 li-

158 3463 312 3540 bore,
334 3467 440 3530 sed
460 3471 822 3534 necessario
844 3471 999 3532 illud
1017 3474 1578 3554 implevisset,quio.
1605 3480 1701 3536 est

160 3555 585 3636 impeccabilis.
618 3561 901 3626 Tandem
936 3566 1341 3628 confirmatur
1363 3612 1379 3641 ,
1410 3567 1561 3646 quia
1598 3568 1703 3628 vix

160 3646 497 3732 intelligitur
524 3659 845 3736 quomodo
868 3659 1057 3720 fuerit
1079 3660 1372 3739 possibile
1398 3659 1521 3722 tale
1540 3677 1702 3740 prse-

164 3753 388 3824 ceptum
432 3753 773 3830 moriendi,
820 3753 967 3834 quia
995 3760 1305 3836 proecepta
1334 3761 1483 3816 sunt
1510 3755 1591 3818 de
1627 3754 1702 3816 iis

164 3854 283 3915 quae
310 3847 551 3905 suntin
596 3855 813 3908 nostra
851 3837 1199 3926 potestate}
1244 3849 1355 3910 sed
1392 3865 1559 3910 mors
1594 3847 1701 3910 illa

164 3933 409 3998 nonfuit
452 3938 717 4001 omnino
747 3941 953 4020 posita
979 3941 1047 4002 in
1086 3942 1404 4004 voluntate
1441 3939 1695 4016 Christi,

164 4023 293 4100 quia
325 4030 606 4107 profecta
634 4036 729 4094 est
758 4051 837 4094 ex
868 4051 1061 4114 prava
1101 4035 1421 4099 voluntate
1458 4033 1705 4097 ,1οᾱωο-

164 4131 323 4195 rum3
352 4141 525 4206 ergo·

234 4211 288 4273 2.
329 4215 677 4283 Dicendum
744 4222 1157 4286 nihilominus
1216 4228 1333 4299 est,
1394 4221 1705 4286 Christum

168 4301 437 4408 hobuisse
478 4333 703 4378 verum
738 4315 1151 4398 etproprium
1180 4324 1569 4398 praeceptum
1595 4333 1699 4380 re·-

170 4395 418 4468 dimendi
454 4427 662 4489 genus
691 4409 1040 4472 humanum
1075 4427 1193 4492 per
1232 4411 1591 4492 passionem
1640 4415 1705 4473 et

170 4501 409 4562 mortem
440 4519 649 4567 suam.
682 4505 773 4566 Ita
799 4506 985 4567 sentit
1012 4505 1082 4567 D.
1112 4506 1383 4568 Thomas
1418 4503 1605 4578 infra,
1634 4521 1697 4586 q.

173 4585 259 4660 4⁷,
284 4597 391 4654 art.
422 4597 481 4670 2,
511 4601 635 4660 eti
672 4616 766 4679 p.,
792 4617 855 4679 q.
885 4601 988 4674 401,
1017 4602 1133 4660 art.
1166 4599 1229 4677 c,
1260 4599 1342 4660 ad
1370 4601 1431 4664 2.
1466 4600 1542 4661 Et
1563 4599 1705 4660 fun-

172 4675 511 4750 damentum
544 4695 657 4765 est,
686 4689 833 4771 quia
862 4691 1137 4754 Christus
1175 4697 1247 4754 ut
1282 4691 1473 4755 homo
1505 4693 1708 4773 potuit

176 4767 429 4874 obligari,
460 4789 521 4846 et
550 4782 777 4864 subjici
802 4784 947 4847 huic
973 4787 1305 4866 praecepto,
1332 4792 1401 4848 ut
1416 4803 1491 4848 ex
1516 4805 1707 4868 supra

174 4859 331 4968 ductis
358 4873 501 4936 satis
527 4883 772 4939 constat
797 4896 813 4951 ;
842 4878 957 4940 sed
978 4879 1297 4958 Scriptura
1334 4895 1535 4954 sacra,
1565 4899 1709 4960 pro-

176 4969 291 5055 Ιξΐιθ
320 4969 379 5024 et
404 4967 585 5046 juxta
632 4971 1129 5032 communiorem
1171 4973 1425 5034 Patrum
1453 4981 1709 5036 senten-—

178 5048 309 5112 tmm
348 5055 684 5140 intellecta,
717 5065 1027 5145 significat
1056 5065 1350 5128 habuisse
1395 5067 1514 5128 hoc
1543 5085 1710 5147 prae-

182 5149 401 5244 ceptum
413 5167 434 5231 ;
466 5167 616 5235 ergo
646 5158 1057 5239 intelligenda
1084 5165 1181 5220 est
1203 5159 1283 5222 de
1304 5175 1455 5222 vero
1486 5164 1549 5220 et
1566 5175 1711 5239 pro-

180 5243 299 5306 ΡΠΟ
326 5249 657 5329 praecepto,
686 5269 831 5314 cum
859 5251 1043 5313 facile
1063 5253 1284 5330 possit,
1308 5257 1369 5314 et
1397 5251 1709 5314 sufficiens

186 5335 559 5425 congruentia
583 5361 711 5405 non
732 5343 924 5420 desit3
953 5345 1161 5408 minor
1184 5351 1430 5408 constat
1456 5362 1535 5408 ex
1561 5346 1710 5408 cita-

186 5418 253 5475 ¹¹S
276 5427 467 5492 verbis
508 5433 691 5500 Joan.
744 5439 859 5500 10:
900 5437 1040 5502 Hoc
1067 5441 1418 5504 mandatum
1445 5439 1645 5523 accepi
1672 5455 1712 5504 a

190 5505 377 5596 Pam,
408 5529 465 5588 et
493 5529 597 5592 11²:
628 5529 809 5598 Siout
842 5532 1193 5598 mandatum
1221 5531 1381 5597 dedit
1405 5533 1557 5600 mihi
1584 5531 1709 5598 Pa·

3217 381 3339 445 399

1768 492 1877 562 ter,
1913 488 2004 550 cio
2027 487 2191 566 socio
2203 511 2232 561 ‚·
2263 494 2329 550 et
2357 490 2470 549 15:
2504 485 2722 550 Patris
2747 485 2868 550 mei
2889 491 3338 569 praeceptam

1764 583 1927 662 vavi,
1979 596 2121 659 quoe
2166 580 2376 642 omnia
2416 581 2670 660 proprio
2705 579 2996 659 intelligit
3023 579 3332 660 August„

1764 678 1946 736 tract.
2005 675 2086 736 79
2122 675 2186 734 in
2213 675 2426 750 Joan.,
2459 674 2499 734 Ι.
2539 675 2618 735 13
2662 670 2740 734 de
2767 671 3017 747 Trinit„
3050 687 3107 733 0.
3144 676 3242 747 14,
3275 679 3340 735 et

1765 785 1827 847 q.
1863 770 1941 828 55
1975 785 2164 846 super
2185 769 2550 841 Deuterou„
2579 766 2806 846 quihus
2831 763 2988 826 locis
3017 765 3340 826 interdum

1762 866 1947 922 vocnt
1972 859 2096 920 hoc
2122 859 2511 933 mandatum,
2540 861 2760 922 Patris
2787 859 3179 933 voluntatem,
3205 873 3334 918 non

1765 954 1913 1033 quia
1939 969 2120 1032 propi
2136 953 2264 1014 ium
2295 959 2677 1033 praeceptum
2712 969 2841 1014 non
2871 951 2969 1026 sit,
3025 950 3136 1012 sed
3183 951 3334 1030 quia

1764 1045 1853 1107 ita
1882 1045 2058 1126 loqui
2095 1046 2371 1108 solemus
2400 1046 2478 1108 de
2509 1045 2848 1126 superioris
2875 1050 3211 1124 praecept0‚
3245 1043 3336 1105 di-

1765 1147 1980 1202 centes
2025 1139 2190 1201 hanc
2231 1157 2372 1202 esse
2421 1137 2759 1220 superioris
2801 1137 3212 1200 voluntatem.
3259 1139 3338 1197 Et

1765 1232 1989 1294 eodem
2017 1229 2207 1294 modo
2237 1232 2516 1312 loquitur
2540 1232 2842 1306 Christus,
2869 1231 3051 1293 Joan.
3079 1234 3142 1304 4,
3189 1247 3336 1292 cum

1764 1327 1913 1388 dicit
1936 1327 2148 1389 cibum
2195 1345 2382 1390 suum
2423 1341 2583 1402 esse,
2629 1331 2698 1390 ut
2726 1325 2920 1405 fitoiat
2965 1325 3338 1389 voluntatem

1764 1423 2009 1497 Patrio,
2053 1423 2120 1484 id
2164 1427 2280 1499 est,
2327 1429 2398 1485 ut
2443 1421 3002 1484 sanctificationem
3049 1427 3336 1482 nostram·

1767 1521 2170 1596 operaretur,
2219 1516 2380 1579 sicut
2423 1515 2542 1577 sibi
2581 1521 2716 1577 erat
2761 1533 2798 1576 a
2839 1517 3022 1576 Putre
3051 1515 3340 1594 praescri·

1766 1617 1970 1690 ptum,
2001 1617 2072 1673 ut
2099 1611 2358 1692 exponit
2379 1610 2640 1691 Gregor.
2657 1611 2870 1689 Nyss.,
2901 1609 2943 1670 1.
2961 1607 3042 1670 de
3063 1608 3340 1670 Beatitu»

1770 1703 2044 1778 dinibuS‚
2067 1704 2231 1767 circa
2261 1703 2456 1766 illudt
2488 1703 2672 1766 Beati
2707 1703 2814 1784 qui
2841 1701 3139 1772 esuriunt,
3171 1706 3228 1764 ot
3251 1701 3341 1764 oi·-

1773 1797 1935 1860 titmt
1960 1799 2304 1878 justiciam.
2350 1800 2423 1859 Et
2451 1796 2532 1858 de
2561 1796 2785 1858 eadem
2815 1795 3134 1856 voluntate
3164 1796 3334 1856 recte

1772 1891 2060 1970 exposuit
2088 1891 2296 1965 Paul„
2340 1890 2420 1952 ad
2467 1890 2656 1952 Hebr.
2707 1891 2806 1962 10,
2841 1887 2995 1949 illud
3025 1887 3184 1949 Psal.
3217 1889 3332 1952 39:

1771 1985 1853 2047 Iu
1878 1985 2076 2066 capite
2109 1983 2257 2047 libri
2277 1983 2578 2063 scriptum
2619 1987 2710 2045 est
2735 1983 2806 2044 do
2833 1997 2947 2057 me,
2975 1987 3045 2044 ut
3079 1984 3339 2058 facerem

1770 2077 2135 2141 voluntatem
2173 2083 2361 2151 tuam,
2393 2093 2584 2156 quam
2609 2075 2997 2136 voluntatem
3023 2075 3340 2135 010110110-

1772 2187 1916 2250 gem
1946 2169 2302 2250 appellavit,
2337 2169 2658 2231 subdens:
2685 2170 2851 2231 Deus
2877 2183 3041 2230 meuc
3067 2167 3254 2242 volui,
3282 2171 3340 2229 et

1769 2263 1954 2344 leyem
1975 2268 2144 2326 tuam
2163 2263 2231 2328 in
2248 2264 2438 2326 medio
2457 2263 2656 2326 cordis
2671 2263 2808 2328 mei,
2833 2265 2904 2322 ut
2919 2259 3154 2321 notavit
3176 2261 3340 2340 Aga·

1770 2358 1879 2418 tho
1910 2357 2088 2438 Pup„
2134 2357 2197 2419 in
2245 2375 2348 2436 ep.
2391 2357 2466 2432 1,
2513 2373 2654 2435 quae
2699 2355 2970 2416 refertur
2995 2353 3063 2414 in
3101 2355 3183 2415 VI
3227 2354 3341 2434 Sy-

1770 2450 1946 2527 nod.‚
1979 2457 2100 2512 act.
2125 2453 2187 2511 4.
2217 2451 2306 2511 Ac
2325 2447 2597 2527 denique
2625 2452 2886 2529 propter
2917 2446 3206 2509 eamdem
3227 2447 3340 2508 Pa·

1770 2545 1885 2605 tris
1908 2544 2294 2606 voluntatem
2315 2544 2404 2605 ait
2423 2541 2970 2621 ChristuffijMatth.
2995 2545 3113 2605 26:
3145 2540 3342 2604 Pater

1770 2637 1879 2708 mi,
1906 2639 1966 2700 η·
1991 2655 2111 2700 non
2133 2641 2332 2718 potest
2358 2637 2454 2701 hio
2476 2635 2644 2701 colim
2683 2637 2950 2698 transire
2983 2635 3108 2698 nisi
3142 2635 3338 2697 bibam

1772 2728 1969 2806 illum,
1989 2731 2108 2808 fiat
2127 2731 2410 2794 voluntas
2439 2737 2586 2800 nco,-
2603 2729 2751 2790 dicit
2779 2729 2946 2789 enim
2971 2745 3100 2788 non
3125 2741 3332 2807 posse,

1774 2826 1921 2904 quie
1953 2827 2094 2905 jure
2125 2843 2254 2885 non
2295 2829 2538 2905 poterat
2550 2837 2570 2900 3
2601 2821 2992 2902 intelligebat
3019 2821 3190 2882 enim
3225 2833 3339 2882 ne·-

1777 2918 2132 2980 cessitatem
2167 2917 2464 2998 praecepti
2505 2933 2757 2996 urgere,
2789 2921 2859 2976 ut
2885 2913 3184 2976 indicavit
3221 2915 3342 2976 Da·

1777 3029 2000 3088 masc„
2027 3011 2138 3072 lib.
2167 3013 2204 3071 3
2233 3009 2311 3072 de
2327 3009 2500 3085 Fide,
2533 3027 2672 3089 cap.
2701 3011 2800 3070 24.
2831 3007 3145 3083 Secundo,
3172 3007 3341 3087 prin-

1779 3105 2062 3184 cipaliter
2085 3103 2206 3165 hoc
2234 3102 2547 3183 colligitur
2575 3119 2651 3164 ex
2683 3099 2874 3163 Paulo
2910 3102 2990 3162 ad
3017 3101 3234 3180 Philip.
3267 3103 3337 3160 2:

1777 3197 2005 3262 Factus
2051 3197 2320 3260 obediens
2363 3213 2550 3278 usquo
2605 3197 2688 3258 ad
2737 3199 2989 3258 mortem
3020 3240 3036 3268 ‚
3090 3198 3342 3257 mortem

1780 3295 1982 3354 autom
2024 3291 2242 3362 crucis,
2279 3289 2452 3368 quod
2479 3289 2557 3351 de
2587 3289 2838 3368 propria
2868 3288 3223 3350 obedientia
3247 3287 3343 3346 in·

1778 3383 2192 3463 telligendum
2221 3389 2338 3457 eet,
2389 3398 2531 3442 cum
2581 3381 2764 3443 facile
2811 3380 3036 3460 possin
3086 3382 3340 3460 propriu

1782 3483 2000 3538 autem
2034 3481 2098 3538 et
2121 3493 2270 3537 vera
2317 3474 2671 3536 obedientia
2691 3477 2932 3534 nonest
2953 3473 3072 3534 nisi
3103 3473 3212 3534 ubi
3246 3474 3344 3534 in-

1782 3569 2046 3632 tervenit
2069 3573 2474 3650 praeceptum,
2507 3567 2678 3646 quod
2719 3573 2816 3628 est
2861 3566 3052 3628 veluti
3077 3566 3341 3628 formale

1783 3663 2098 3742 objectum
2152 3661 2314 3740 ejus,
2365 3665 2438 3722 ut
2465 3666 2708 3723 constat
2753 3677 2830 3721 ex
2881 3663 2942 3721 2.
2979 3663 3040 3735 2,
3075 3677 3140 3739 q.
3196 3661 3338 3722 104.-

1782 3757 1859 3817 Et
1882 3756 2117 3836 optime
2138 3753 2544 3816 confirmatur
2567 3754 2662 3832 (ut
2683 3753 2850 3814 hene
2869 3751 3109 3813 notavit
3133 3753 3341 3832 Orige-

1783 3867 1917 3922 000,
1938 3849 2108 3911 hom.
2140 3853 2178 3909 2
2197 3849 2260 3909 in
2278 3847 2484 3925 Cant.)
2507 3863 2582 3908 ex
2609 3845 2717 3907 illo
2749 3847 2831 3908 ad
2859 3847 3038 3908 Rom.
3061 3847 3100 3906 5
3122 3860 3137 3905 t
3157 3845 3342 3910 Siout

1778 3961 1889 4026 per
1924 3945 2114 4006 unius
2153 3941 2610 4004 inobedientiam
2650 3945 2983 4020 peccatores
3028 3937 3344 4001 constituti

1781 4043 1925 4100 sunt
1943 4035 2146 4110 multi,
2178 4037 2270 4097 ito
2289 4039 2474 4116 θέρον
2498 4035 2684 4096 unius
2719 4033 3138 4107 obeditionem,
3175 4031 3350 4112 justi

1786 4127 2098 4194 constituti
2121 4131 2267 4191 sunt
2296 4127 2473 4189 multi
2493 4149 2518 4200 ,·
2548 4125 2908 4187 obedientia
2925 4141 3076 4204 ergo
3095 4123 3340 4200 Christi,

1784 4221 2225 4286 inobedientiae
2277 4219 2428 4282 Adae
2465 4217 2746 4300 opposite
2784 4218 2936 4292 fuit3
2987 4217 3148 4279 sicut
3189 4233 3342 4298 ergo

1782 4315 1887 4378 illu
1922 4315 2038 4377 fuit
2057 4331 2208 4376 vera
2226 4311 2650 4375 inobedientia
2677 4315 2984 4392 praecepto
3007 4312 3342 4388 contraria,

1782 4409 1881 4471 ita·
1896 4409 2030 4472 haec
2055 4407 2170 4470 fuit
2198 4423 2350 4469 vera
2369 4405 2728 4468 obedientia
2752 4411 3065 4486 proeceplo
3095 4405 3345 4467 confor-

1783 4502 1903 4564 mis
1918 4517 1939 4580 3
1981 4518 2174 4581 quam
2213 4499 2610 4564 collationem
2658 4516 2775 4560 seu
2807 4499 3346 4578 comparationem

1784 4595 2008 4658 Christi
2034 4611 2180 4657 cum
2215 4593 2456 4656 Adamo
2507 4595 2676 4656 recte
2721 4591 3090 4673 ponderavit
3127 4592 3344 4672 cyril„

1786 4689 1893 4751 110.
1929 4691 2010 4751 10
2037 4689 2101 4750 10
2127 4687 2310 4750 1000.
2331 4731 2354 4763 ,
2385 4703 2524 4766 cap.
2557 4689 2660 4749 ss.
2699 4685 2928 4764 Tertio,
2975 4684 3124 4747 hinc
3166 4685 3348 4748 reddi

1787 4789 1995 4865 potest
2031 4784 2412 4844 conveniens
2441 4779 2602 4843 ratio
2638 4779 2826 4860 hujus
2855 4778 3190 4860 praecepti3
3231 4777 3350 4841 fuit

1790 4877 1962 4940 enim
1993 4873 2333 4956 expediens
2363 4881 2454 4951 ut,
2483 4871 2640 4936 sicut
2675 4871 2966 4934 homines
2993 4891 3109 4952 per
3129 4871 3348 4934 10000-

1791 4969 2093 5032 dIentiam
2141 4966 2368 5048 perditi
2421 4967 2690 5040 fuerant,
2747 4966 2832 5027 ita
2885 4983 3000 5046 per
3047 4965 3350 5028 obedien-

1789 5065 1943 5127 tiam
2001 5065 2468 5142 repararentur.
2517 5059 2672 5122 Item
2721 5059 2909 5120 etiam
2961 5059 3111 5137 quia
3165 5075 3346 5138 opus,

1792 5175 1870 5220 ex
1902 5155 2264 5220 obedientia
2293 5155 2551 5229 factum,
2579 5151 2812 5214 caeteris
2839 5151 3095 5232 paribus
3112 5153 3352 5233 perfec·

1791 5250 1911 5314 tius
1938 5256 2056 5324 est,
2089 5260 2152 5312 et
2189 5249 2321 5310 Deo
2347 5247 2604 5329 gratius.
2638 5247 2967 5316 Praeterea,
3005 5245 3207 5326 potuit
3233 5245 3352 5305 hoc

1790 5343 2090 5425 expedire
2109 5349 2182 5404 ut
2197 5341 2478 5404 Christus
2503 5339 2683 5403 nobis
2705 5345 2872 5402 esset
2887 5339 3058 5400 omni
3081 5343 3350 5417 exparte

1788 5437 1932 5522 perf
1930 5443 2140 5500 ectum
2159 5433 2526 5498 humilitatis
2537 5440 2603 5498 et
2617 5433 2798 5498 obedi
2807 5433 2990 5495 entiae
3003 5431 3345 5513 exemplar.

1792 5527 2245 5612 Congruentise
2273 5527 2452 5605 aliae,
2481 5531 2546 5592 et
2573 5525 2695 5590 alie
2719 5527 2972 5592 Petrum
2993 5523 3350 5590 testimonie
