3892 6167
106 5989 126 6022 {-

562 318 681 379 5568

1786 324 2020 384 QUAEs‘r.
2057 322 2205 375 XXV.
2239 323 2438 375 Amic.
2479 326 2536 375 ΙΙ.

560 428 721 489 citur
760 428 825 489 in
870 428 1071 489 Deum
1096 422 1351 496 referri,
1382 440 1511 485 non
1546 424 1693 503 quia
1736 423 1875 505 ipsa
1912 422 2118 487 excel-
2197 422 2486 485 cellentia
2551 424 2923 487 Sanctorum
2987 442 3129 487 cum
3191 425 3432 491 Christo
3482 453 3698 518 regnan.

557 524 751 585 lcntia
780 524 1055 585 increata
1084 518 1191 579 Dei
1223 518 1301 579 sit
1329 518 1613 597 proxima
1652 520 1812 579 ratio
1856 536 1998 598 quae
2037 518 2120 580 ad

562 620 723 680 hanc
778 616 1205 679 adorationem
1234 618 1479 686 movet,
1512 611 1621 673 sed
1670 612 1818 691 quia
1866 614 1931 674 in
1979 630 2121 673 eam

558 711 817 771 tandem
846 708 1221 771 terminatur
1238 712 1303 767 et
1332 704 1699 778 refunditur,
1720 706 1801 766 ad
1818 723 1964 767 eum
1993 722 2124 766 mo-

560 804 711 864 dum
744 822 867 881 quo
898 802 1175 865 Christus
1200 798 1501 859 Dominus
1528 798 1704 873 dixit,
1736 800 1955 861 Matth.
1997 803 2115 862 10:

566 897 682 970 Qui
706 896 927 973 recipit
946 911 1077 967 vos,
1098 912 1189 956 mc
1204 893 1420 971 recipit
1440 918 1466 965 ,·
1484 893 1605 955 hoc
1634 894 1803 955 enim
1832 894 2120 973 exemplo

562 989 939 1053 Athanasius
968 994 1031 1049 et
1066 986 1487 1064 Hieronymus
1510 992 1793 1049 utuntur.

640 1086 699 1144 ὃ.
723 1082 947 1146 Sancti
972 1080 1250 1161 quomodo
1278 1078 1625 1143 adoratione
1640 1080 1968 1159 respectiva
1981 1099 2124 1162 pos-

559 1182 685 1241 sint
712 1175 985 1239 adorari.
1016 1204 1097 1221 -
1122 1171 1371 1233 Addere
1399 1190 1549 1235 vero
1595 1173 1858 1235 ulterius
1896 1190 2120 1253 possu-

560 1288 724 1341 mus,
752 1269 807 1329 si
826 1268 1031 1330 Sancti
1060 1266 1318 1345 proecise
1344 1266 1829 1329 considerentur
1858 1274 1927 1329 nt
1963 1273 2126 1329 tem-

562 1364 667 1443 pla
706 1364 769 1422 in
812 1362 1041 1439 quibus
1094 1359 1395 1437 singulari
1440 1360 1631 1421 modo
1666 1362 1829 1422 Deus
1858 1360 2119 1434 habitat,

564 1474 676 1517 seu
694 1462 881 1534 prout
908 1453 1150 1515 suntad
1180 1453 1519 1531 imaginem
1540 1454 1653 1515 Dei
1678 1455 1895 1526 creati,
1920 1461 1986 1517 et
2009 1472 2126 1533 per

564 1551 828 1628 gratiam
860 1546 1203 1618 reformati,
1228 1552 1291 1607 et
1316 1548 1489 1625 quasi
1520 1547 1602 1608 ad
1632 1548 1839 1609 vivum
1869 1546 2116 1627 depicti,

563 1644 685 1703 hoc
714 1642 971 1721 quidem
1018 1640 1205 1701 modo
1250 1658 1431 1719 posse
1460 1640 1707 1701 adorari
1757 1640 2122 1703 adoratione

568 1737 919 1815 respectiva
969 1736 1031 1795 in
1058 1734 1167 1795 Dei
1199 1734 1559 1795 excellentia
1589 1735 1871 1815 prpximo
1899 1734 2124 1796 funda-

566 1837 661 1901 ta;
695 1829 781 1889 ita
808 1836 875 1889 ut
902 1828 1059 1889 sicut
1089 1828 1247 1889 ratio
1286 1827 1555 1907 eligendi
1591 1826 1867 1889 medium
1920 1836 2017 1891 est
2056 1828 2128 1890 fl-

568 1923 685 1993 niS,
736 1924 821 1984 ita
864 1922 1023 1983 ratio
1056 1920 1357 1981 adorandi
1399 1921 1695 1999 templum
1740 1923 1949 1983 vivum
1993 1923 2124 1999 Dei,

570 2018 647 2077 sit
674 2018 883 2077 Deus.
928 2018 1015 2077 De
1058 2032 1183 2094 quo
1238 2013 1427 2075 modo
1470 2015 1853 2077 adorationis
1900 2017 2128 2078 eodem

567 2108 755 2171 modo
782 2108 1169 2187 loquendum
1196 2109 1338 2177 crit,
1370 2126 1495 2187 quo
1525 2107 1603 2169 de
1632 2108 2000 2171 adoratione
2031 2128 2130 2171 re-

565 2203 903 2282 liquiarum
947 2202 1043 2263 vel
1092 2200 1435 2279 imaginum
1458 2246 1475 2275 ,
1509 2220 1699 2278 quam
1730 2202 1991 2265 inferius
2027 2220 2132 2263 ex-

567 2296 957 2377 plicabimus,
985 2299 1173 2357 Recte
1204 2303 1414 2357 tamen
1442 2296 1777 2359 advertunt
1798 2299 1873 2358 D.
1902 2300 2123 2359 Tliom.

570 2392 1022 2464 etBonavent.,
1052 2392 1335 2469 quamvis
1366 2389 1465 2451 hic
1494 2390 1719 2451 modus
1746 2390 2132 2451 adorationis

568 2483 881 2564 possibilis
900 2486 1001 2555 sit,
1020 2482 1392 2562 regulariter
1412 2491 1621 2545 tamen
1642 2501 1769 2544 non
1792 2500 1931 2545 esse
1955 2501 2132 2543 usur-

570 2576 871 2656 pandum,
902 2584 1031 2637 tum
1054 2577 1135 2636 ad
1154 2576 1477 2637 vitandum
1501 2577 1846 2655 periculum
1872 2578 2128 2647 erroris;

576 2678 711 2732 tum
735 2671 923 2731 etiam
952 2669 1121 2748 quia,
1165 2685 1307 2729 cum
1352 2668 1559 2731 Sancti
1598 2670 1721 2732 sint
1752 2688 1863 2749 per
1888 2686 1956 2731 se
1985 2668 2134 2729 ado-

575 2764 827 2837 rabiles,
870 2763 1157 2843 proprius
1202 2781 1417 2823 eorum
1448 2763 1736 2824 honoria
1766 2780 1985 2825 eorum
2013 2766 2136 2823 vir·-

573 2864 705 2919 tute
754 2864 819 2918 et
860 2860 1186 2918 sanctitate
1218 2854 1468 2917 sandari
1508 2856 1733 2927 debet;
1768 2874 1911 2918 cum
1964 2856 2134 2917 enim

575 2948 813 3028 aliquid
844 2952 1099 3028 propter
1128 2949 1539 3009 extrinsecam
1569 2948 1876 3009 rationem
1908 2948 2134 3009 adora-

576 3048 698 3113 tur,
731 3043 933 3102 honor
960 3041 1164 3121 magis
1206 3041 1475 3121 pertinet
1504 3040 1583 3102 ad
1616 3058 1951 3120 personam
1997 3060 2136 3119 pro-

576 3142 719 3213 pter
758 3153 947 3213 qnam
976 3135 1305 3206 tribuitur,
1354 3150 1545 3212 quam
1573 3134 1655 3193 ad
1688 3152 1823 3195 rem
1852 3133 1917 3194 in
1944 3150 2135 3211 quam

574 3226 971 3303 terminatur,
1014 3232 1083 3289 ut
1128 3229 1355 3305 saepius
1402 3227 1466 3305 in
1515 3226 1927 3305 sequentibus
1967 3226 2136 3287 dice-

576 3338 739 3387 mus.

1183 3472 1398 3527 sEc‘rto
1426 3473 1510 3527 111.

586 3633 771 3692 Utrum
807 3632 987 3687 cultus
1018 3630 1347 3687 Sanctorum
1368 3630 1483 3688 dict
1506 3630 1687 3703 possit
1709 3628 1779 3686 ad
1808 3628 2138 3701 religionem

1202 3716 1503 3788 pertinere.

652 3901 711 3959 1.
756 3898 899 3958 Haec
931 3896 1193 3977 quaestio
1236 3895 1605 3975 proponitur
1634 3900 1889 3974 propter
1936 3894 2136 3955 haere·

576 3992 756 4063 ticoS,
802 3993 909 4069 qui
938 3990 1180 4050 nullum
1214 3990 1517 4050 honorem
1542 3987 1641 4049 vel
1674 3986 1909 4049 cultum
1940 4004 2140 4065 agno-

578 4092 783 4160 scunt,
814 4084 933 4143 nisi
964 4084 1062 4143 vel
1094 4082 1396 4154 divinum,
1428 4083 1535 4161 qui
1565 4081 1647 4143 ad
1672 4080 1917 4141 latriam
1951 4081 2138 4159 perti·

578 4183 725 4250 net,
755 4175 855 4236 vel
882 4192 1057 4237 mere
1084 4176 1433 4237 humanum
1474 4182 1537 4236 et
1587 4174 1933 4255 politicum.
1975 4172 2139 4247 Quo-

577 4269 745 4328 niam
775 4286 921 4329 vero
954 4269 1052 4329 hic
1077 4276 1283 4347 potest
1310 4286 1446 4330 esse
1476 4268 1805 4341 dissensio,
1844 4266 1947 4328 vel
1973 4266 2038 4327 in
2068 4284 2138 4328 re

577 4359 895 4441 theologa,
934 4361 1035 4422 vel
1064 4361 1127 4421 in
1170 4361 1552 4439 speculativa
1592 4366 1655 4422 et
1681 4358 2135 4439 metaphysica,

578 4454 677 4513 vel
724 4455 789 4514 in
836 4453 1023 4515 modo
1061 4453 1381 4532 loquendi,
1421 4454 1632 4515 omnia
1682 4452 1968 4514 distincte
2015 4460 2138 4513 tra-

577 4547 785 4608 denda
816 4552 981 4608 sunt.

657 4645 715 4703 2.
750 4639 1051 4704 Adoratio
1083 4638 1336 4703 Sanctis
1362 4640 1627 4719 exhibita
1650 4656 1769 4700 mm
1796 4644 1887 4701 est
1908 4638 2132 4711 civilis,

576 4734 679 4797 sed
702 4736 1125 4814 quodammodo
1159 4733 1390 4795 divina.
1415 4764 1496 4781 -
1520 4732 1749 4806 Primo,
1782 4739 2022 4793 certum
2057 4732 2138 4793 sit

576 4826 1009 4888 adorationem
1039 4827 1225 4895 hanc,
1244 4844 1383 4904 quac
1401 4826 1643 4887 Sanctis
1668 4826 1855 4886 datur
1878 4831 2137 4904 propter

576 4922 1005 4981 excellentiam
1036 4920 1602 5001 supernaturalem,
1632 4936 1772 4980 esso
1804 4920 2136 4998 perfectio-

573 5032 732 5087 rem,
778 5021 841 5075 et
886 5015 1238 5076 distinctam
1282 5015 1348 5075 in
1395 5016 1599 5092 specie
1646 5013 1727 5073 ab
1767 5012 2136 5074 adoratione

573 5124 685 5169 seu
726 5106 965 5167 honore
1011 5107 1195 5183 civili,
1232 5108 1339 5184 qui
1370 5106 1728 5167 hominibus
1758 5112 2014 5185 propter
2041 5104 2136 5166 di·-

571 5201 869 5280 gnitatem
918 5200 1018 5260 vel
1053 5207 1425 5279 potestatem
1457 5200 1800 5260 humanam
1850 5199 1985 5261 dari
2035 5216 2134 5259 so-

568 5294 677 5353 let.
706 5294 901 5366 Patet,
926 5295 1073 5371 quia
1096 5294 1355 5354 virtut-es
1385 5300 1447 5355 et
1476 5310 1693 5355 earum
1718 5298 1893 5353 actus
1921 5310 2000 5353 ex
2027 5292 2136 5352 ob-

562 5385 747 5464 jectis
778 5386 1245 5466 distinguuntur
1256 5403 1275 5463 3
1308 5387 1420 5448 sed
1448 5384 1817 5448 excellentia
1840 5390 1932 5447 est
1955 5385 2135 5464 quasi

568 5478 833 5543 formale
860 5481 1179 5562 obJectum
1208 5480 1596 5545 adorationis
1611 5497 1635 5560 3
1662 5480 1821 5545 sicut
1850 5496 2004 5561 ergo
2032 5497 2134 5542 ex·

2199 516 2356 577 tium
2387 518 2620 579 altioris
2643 516 2880 579 ordinis
2909 525 3004 581 est
3025 536 3218 597 quam
3251 524 3450 583 omnis
3477 527 3696 597 humana

2201 609 2474 689 dignitas
2502 612 2600 673 vel
2633 612 2936 690 potentia,
2967 612 3048 673 ita
3079 618 3142 673 et
3165 613 3452 677 adoratio
3487 620 3589 683 illis
3621 628 3698 689 dc-

2202 702 2333 764 hita
2383 710 2480 765 est
2531 704 2886 784 perfectior,
2921 712 2982 767 et
3007 708 3217 786 specie
3265 706 3576 783 distincta:
3605 736 3696 782 non

2201 802 2408 877 potest
2435 816 2586 878 ergo
2615 798 2754 860 haec
2781 796 3062 861 adoratio
3091 800 3215 861 dici
3255 800 3450 863 civilis
3473 808 3562 867 vel
3585 816 3698 889 poti.

2200 892 2344 963 tica,
2391 910 2599 972 neque
2631 895 2888 954 omnino
2919 894 3196 955 humana
3239 896 3306 955 iu
3353 896 3508 959 dicto
3535 920 3697 983 sensu,

2202 985 2314 1048 sed
2343 988 2522 1065 quasi
2554 988 2762 1049 divina
2819 1005 2936 1067 per
2979 988 3535 1068 participationem.
3565 997 3698 1076 Nam,

2203 1079 2364 1141 sicut
2389 1080 2600 1141 Sancti
2629 1080 2922 1142 dicuntur
2939 1082 3030 1141 Dii
3055 1098 3168 1161 per
3191 1083 3698 1169 participationem,

2203 1172 2290 1234 ita
2319 1180 2380 1235 et
2409 1175 2612 1235 honor
2638 1174 2757 1235 illis
2783 1174 3034 1236 debitus
3073 1180 3288 1255 potest
3321 1176 3587 1241 eamdem
3621 1184 3702 1247 dc-

2203 1267 2696 1327 nominationem
2727 1269 3066 1348 suscipere.

2287 1361 2348 1421 3.
2373 1358 2744 1424 Sanctorum
2771 1364 2972 1425 cultas
3003 1380 3138 1425 cum
3167 1363 3380 1424 divino
3405 1364 3556 1427 cultu
3577 1371 3703 1437 valde

2206 1454 2678 1532 conjunctu-5.-
2697 1455 3008 1527 Secundo,
3061 1463 3310 1519 certmn
3340 1456 3420 1518 sit
3443 1458 3590 1521 hunc
3613 1466 3706 1525 cnl-

2208 1555 2338 1608 tum
2371 1546 2742 1609 Sanctorum
2775 1548 2956 1609 valde
2985 1550 3400 1628 conjunctum
3441 1568 3564 1613 esse
3599 1574 3701 1619 cum

2205 1640 2373 1703 cultu
2419 1640 2652 1717 divino,
2687 1650 2746 1701 et
2771 1641 2964 1703 rebus
2982 1643 3180 1704 vsacris
3211 1642 3379 1705 etad
3401 1646 3704 1724 religionem

2207 1741 2271 1797 et
2297 1734 2534 1797 cultum
2565 1734 2676 1795 Dei
2701 1737 3128 1814 spectantibus
3177 1736 3422 1815 pertici.
3469 1739 3704 1806 Probatur

2208 1834 2424 1909 aperte
2457 1845 2534 1888 ex
2576 1828 2910 1890 traditione
2957 1830 3275 1896 Ecclesiae.
3333 1848 3466 1908 quoe
3507 1834 3706 1897 Sanctos

2209 1923 2416 1985 colere
2445 1922 2792 1993 consuevit,
2832 1923 3071 2001 primo,
3105 1922 3384 1984 dicando
3409 1924 3602 1987 Deoia
3627 1946 3706 1990 eo-

2208 2034 2352 2077 rum
2379 2014 2750 2077 memoriam
2779 2022 2843 2077 et
2871 2016 3174 2077 honorem
3207 2014 3349 2077 dies
3375 2034 3589 2091 sacrm,
3609 2024 3701 2098 qui,

2209 2108 2354 2169 licet
2381 2108 2676 2187 primario
2718 2108 2798 2167 ad
2825 2108 3063 2169 cultum
3095 2109 3210 2169 Dei
3237 2109 3622 2187 destinentur,
3644 2120 3706 2174 ta·

2211 2220 2356 2263 men
2399 2202 2464 2263 in
2493 2201 2798 2263 honorem
2842 2202 3222 2263 Sanctorum
3273 2202 3703 2267 redundantia

2211 2296 2397 2357 docet
2419 2294 2682 2368 Tei-tul„
2719 2294 2826 2357 lib.
2855 2295 2934 2356 de
2959 2297 3206 2356 Corona
3235 2296 3470 2366 militis,
3495 2297 3552 2357 in
3587 2302 3704 2376 prin-

2213 2390 2412 2470 cipio;
2443 2396 2508 2451 et
2526 2390 2832 2461 Nazianz„
2867 2396 3024 2451 orat.
3053 2393 3152 2457 18,
3181 2407 3328 2468 quoe
3353 2395 3444 2452 est
3467 2392 3538 2451 de
3555 2394 3604 2453 S.
3625 2393 3704 2473 Cy-

2212 2484 2458 2563 prian0,
2489 2483 2653 2543 inter
2679 2483 2872 2544 multa
2901 2483 3050 2552 alia.
3080 2500 3226 2561 quoe
3251 2483 3404 2545 dicit
3429 2484 3502 2545 de
3525 2484 3702 2548 honore

2215 2578 2609 2649 Sanctorum,
2627 2575 2854 2636 annuis
2873 2576 3224 2637 honoribus
3247 2575 3472 2638 festum
3485 2578 3559 2638 illi
3571 2580 3704 2641 Sanc-

2215 2676 2279 2731 to
2309 2668 2612 2731 celebrari
2643 2668 2890 2730 solitum
2919 2668 3131 2730 refert.
3159 2670 3240 2730 Et
3272 2678 3426 2731 orat.
3457 2673 3494 2731 6
3513 2714 3528 2739 ,
3551 2690 3700 2733 coram

2215 2762 2476 2841 Gregor.
2521 2764 2830 2842 Nysseno,
2879 2763 3075 2823 multa
3121 2763 3320 2825 habet
3371 2764 3589 2825 similia.
3623 2767 3702 2843 Cy-

2213 2856 2498 2935 prianus,
2529 2856 2710 2935 epist.
2745 2858 2845 2925 34,
2877 2857 3030 2916 alias
3055 2856 3163 2918 lib.
3189 2859 3258 2930 4,
3291 2858 3469 2934 epist.
3500 2862 3534 2918 5
3559 2874 3574 2917 t
3597 2856 3704 2931 Quo-

2215 2955 2356 3021 ties,
2380 2950 2606 3028 inquit,
2631 2945 2756 3011 dies
2783 2950 3164 3029 Martyrum,
3183 2956 3252 3013 et
3273 2953 3564 3027 passiones
3579 2954 3704 3012 assi-

2213 3043 2490 3105 versaoia
2540 3044 3088 3105 connumeratione
3131 3044 3522 3117 celebramur,
3547 3049 3637 3104 etc.
3657 3046 3705 3104 Et

2217 3136 2531 3206 Clemens,
2563 3136 2674 3197 lib.
2726 3138 2768 3197 4
2809 3136 3066 3197 Constit.
3097 3186 3110 3207 ‚
3147 3154 3294 3216 cap.
3345 3138 3444 3211 39,
3490 3136 3701 3214 ejusdem

2219 3228 2692 3291 consuetudinis
2733 3229 3052 3303 meminit,
3085 3246 3284 3307 qnam
3323 3230 3500 3289 etiam
3536 3228 3704 3289 indica-

2219 3324 2306 3387 vit
2327 3322 2668 3385 Concilium
2697 3324 2974 3395 Laodic.,
3005 3323 3248 3399 dicens„
3275 3324 3572 3386 memorias
3583 3326 3700 3385 Mar-

2219 3423 2428 3496 tyrum
2461 3434 2581 3479 non
2607 3417 2900 3479 celebrari
2943 3418 3011 3479 in
3041 3417 3534 3497 Quaado-agmina,
3559 3424 3608 3477 et
3627 3418 3700 3477 ba-

2219 3508 2408 3571 betur
2455 3510 2728 3589 capitulo
2755 3510 2892 3571 Non
2919 3510 3088 3581 licet,
3115 3511 3220 3583 33,
3247 3528 3316 3589 q.
3349 3513 3418 3579 4:
3451 3517 3510 3571 et
3525 3510 3695 3571 Concil.

2219 3602 2504 3665 Toletan.
2535 3604 2638 3677 lll,
2661 3622 2802 3682 cap.
2823 3604 2924 3673 23,
2947 3604 3309 3683 praecipitur
3331 3611 3398 3665 ut
3413 3602 3552 3665 festa
3569 3605 3700 3663 Sanc·

2220 3703 2428 3759 torum
2456 3697 2762 3777 religiosis
2791 3696 3088 3776 operibus
3117 3697 3526 3769 celebrentur,
3565 3696 3698 3755 liabe-

2219 3797 2324 3853 tur
2353 3792 2543 3871 capit.
2582 3790 2954 3869 Irreligiosa,
2982 3790 3064 3851 de
3089 3791 3468 3864 consecrat„
3496 3789 3697 3850 distinct.

2219 3886 2281 3956 3,
2331 3890 2398 3947 et
2439 3884 2802 3946 eorumdem
2843 3884 3144 3947 festorum
3177 3884 3254 3947 fit
3281 3883 3502 3946 mentio
3523 3884 3694 3959 incip.

2217 3980 2634 4057 ConquestuS,
2661 3986 2836 4041 extra
2870 3978 2948 4040 de
2973 3978 3169 4039 feriis,

2295 4076 2358 4133 4.
2407 4070 2778 4136 commiade
2803 4072 3090 4135 basilicas
3115 4077 3174 4134 et
3196 4077 3254 4133 te
3263 4072 3418 4151 mpla
3438 4070 3636 4133 dicandi
3651 4071 3698 4131 ia

2222 4165 2588 4231 Sanctorum
2615 4166 2982 4229 memoriam.
3011 4196 3096 4213 --
3126 4163 3436 4228 Oct-sarum
3477 4162 3616 4227 Gaui
3646 4178 3696 4222 ce

2215 4261 2464 4323 Juliani
2492 4263 2770 4334 fratrum
2805 4262 3006 4339 pictas
3033 4276 3182 4339 crya
3219 4258 3495 4329 Sanctae,
3519 4253 3694 4318 studia-

2217 4372 2328 4434 que
2355 4354 2528 4432 tow
2555 4354 2818 4415 diversa.
2837 4384 2922 4399 —
2939 4352 3256 4426 Secundo,
3291 4352 3536 4412 honorat
3559 4352 3694 4411 sane·

2216 4453 2316 4509 tos
2363 4446 2638 4509 Ecclesia
2685 4447 2934 4526 templis
2961 4448 3096 4508 Deo
3122 4445 3380 4521 dicatis;
3409 4456 3690 4523 quanquam

2218 4540 2388 4602 enim
2429 4540 2565 4602 haec
2597 4540 2892 4619 primario
2919 4541 3002 4601 ad
3033 4542 3229 4601 Deum
3257 4538 3589 4605 referantur,
3621 4533 3690 4594 eni

2216 4633 2280 4693 in
2313 4633 2430 4694 illis
2457 4632 2832 4695 sacrificium
2877 4634 3138 4695 offertur
3159 4678 3176 4705 ,
3209 4640 3272 4693 et
3303 4639 3368 4693 ut
3408 4630 3488 4691 sic
3517 4626 3684 4705 templa

2216 4728 2316 4788 vel
2343 4727 2563 4789 altaria
2613 4728 2925 4803 dicantur,
2977 4725 3348 4787 secundario
3375 4723 3576 4785 veroin
3595 4738 3684 4781 me-

2216 4822 2484 4881 moriam
2511 4821 2864 4901 aliquorum
2889 4821 3287 4893 Sanctorum,
3317 4818 3413 4879 vel
3439 4815 3508 4877 ad
3527 4828 3684 4875 corum

2215 4914 2510 4993 reliquias
2539 4914 2880 4975 honorifice
2909 4912 3254 4975 servandas
3293 4911 3544 4972 instituta
3565 4910 3682 4973 sunt,
3788 4936 3789 4989 3

2219 5017 2280 5069 et
2309 5013 2377 5068 ut
2405 5007 2496 5068 sic
2522 5008 2728 5069 vocari
2753 5007 2980 5081 solent,
3007 5006 3304 5080 casdim,
3331 5020 3431 5063 seu
3449 5000 3687 5063 Menona
3788 4994 3789 5007 ¹

2215 5107 2559 5180 martyrum
2579 5124 2606 5170 ;
2629 5108 2690 5163 et
2715 5102 3033 5182 chrysost.
3059 5144 3079 5174 ,
3109 5100 3326 5160 homil.
3357 5098 3430 5159 28
3453 5093 3520 5155 ad
3543 5092 3680 5167 Popu-

2216 5195 2374 5269 lum,
2403 5197 2605 5259 domoe
2639 5200 2869 5273 rapias,
2915 5196 3224 5258 oratorias
3247 5194 3414 5261 cedes,
3437 5193 3488 5251 et
3503 5186 3678 5261 Marsy-

2217 5306 2352 5349 νυνι
2372 5294 2773 5363 monumenta,
2799 5287 3095 5367 appellat.
3125 5285 3302 5349 Unde
3317 5286 3584 5350 Damaso„
3601 5274 3672 5335 lih-

2215 5386 2278 5457 4,
2303 5400 2441 5461 cap.
2467 5382 2544 5443 16
2572 5400 2586 5441 :
2613 5382 2712 5444 Au
2736 5400 2873 5448 non.
2903 5382 3124 5459 inquit,
3148 5377 3461 5443 honorandi
3477 5377 3586 5435 sunt
3603 5369 3676 5448 qui

2217 5479 2408 5544 totius
2435 5478 2686 5545 humani
2707 5479 2942 5564 poneris
2961 5481 3250 5563 patronos
3275 5492 3336 5539 se
3355 5463 3674 5561 profitentur-²
