3892 6167
1338 361 1575 427 QUAEST.
1608 361 1737 416 XVI.
1779 361 1984 416 Altnc.
2017 364 2100 418 xi.

166 473 546 538 terminorum
566 513 589 545 ,
640 465 747 530 sed
776 465 954 546 quasi
992 463 1269 526 limitans
1296 470 1359 526 et
1389 462 1689 526 determi-

164 587 299 632 nans
340 561 829 644 suppositionem
876 555 1165 638 subjecti.
1216 557 1297 619 Et
1332 557 1451 619 hac
1498 557 1687 618 etiam

162 665 393 734 ratione,
426 665 499 720 ut
523 658 601 720 D.
630 657 897 720 Thomas
922 653 1027 716 hio
1055 651 1381 726 indicavit,
1425 657 1489 714 et
1514 652 1683 730 Caje-

162 765 321 819 tanus
366 751 699 832 explicuit,
746 746 1032 828 quamvis
1077 746 1211 808 haec
1238 763 1369 808 uon
1416 745 1497 806 sit
1536 761 1689 806 vera

162 846 537 928 simpliciterz
566 843 852 908 Oti-istiu
892 842 1121 923 incepit
1168 857 1295 905 esse
1316 884 1336 915 ,
1362 855 1509 901 cum
1538 857 1689 920 pros·

164 943 301 1004 dicta
324 957 473 1002 vero
500 937 893 1010 limitatione,
930 937 1002 998 in
1032 939 1333 1016 quantum
1371 933 1563 1008 homo,
1592 937 1689 996 est

161 1053 305 1106 reru,
354 1035 497 1113 quia
546 1031 825 1095 Christus
868 1031 935 1091 in
974 1033 1283 1108 quantum
1326 1028 1517 1089 homo
1556 1043 1690 1090 non

162 1133 241 1190 est
264 1132 554 1203 aeternus,
588 1125 752 1188 sicut
790 1139 1002 1204 neque
1038 1123 1105 1183 in
1145 1127 1457 1201 quantum
1494 1119 1689 1182 homo

162 1229 238 1284 est
259 1222 445 1293 Deus;
472 1238 656 1301 ergo,
668 1219 737 1279 in
763 1224 1075 1300 qnantum
1092 1199 1309 1292 h'omo,
1324 1220 1419 1278 est
1445 1221 1690 1278 creatu-

162 1331 234 1388 ra,
262 1320 319 1375 et
339 1314 579 1394 incepit
614 1330 780 1375 esse.

222 1412 273 1468 2.
298 1406 557 1486 ohjmio
582 1403 1388 1484 eamda.-Ruponsio.-
1400 1400 1689 1466 Secundo

160 1517 283 1564 vero
310 1500 479 1560 addit
505 1500 760 1574 scotus,
800 1498 1045 1561 etiamsi
1070 1496 1433 1576 hujusmodi
1461 1495 1690 1558 modus

162 1593 421 1673 loquendi
460 1611 655 1655 verus
684 1593 801 1668 sit,
842 1597 1056 1653 tamen
1086 1607 1225 1652 esse
1252 1589 1685 1670 improprium,

162 1689 283 1771 quia
306 1687 666 1768 hujusmodi
698 1685 1137 1748 determinatio
1172 1683 1543 1764 specificans
1578 1682 1689 1744 de·

161 1785 307 1844 heret
330 1782 537 1861 potius
564 1780 722 1862 poni
762 1779 828 1842 in
862 1779 1201 1860 praedicato
1228 1793 1422 1856 quam
1450 1777 1515 1839 in
1544 1775 1691 1840 sub·

156 1877 315 1956 jectu,
334 1881 399 1936 ut
418 1874 473 1936 si
499 1875 791 1936 dicamus
802 1871 1113 1937 Christum
1138 1872 1449 1953 incepisse
1470 1887 1692 1932 secun-

162 1969 284 2031 dum
332 1987 467 2037 esse
514 1969 902 2031 humanum.
952 1969 1033 2030 Et
1074 1965 1487 2029 confirmatur
1528 1965 1685 2042 hoc,

165 2061 283 2140 quia
310 2062 459 2124 alias
486 2061 553 2123 in
584 2062 804 2143 rigore
835 2067 933 2124 est
958 2060 1115 2122 falsa
1144 2057 1284 2121 haec
1307 2057 1687 2140 propositio:

164 2155 427 2230 christus,
449 2154 519 2219 in
546 2161 849 2239 matum
886 2155 1082 2231 homo,
1110 2154 1336 2234 incepit
1367 2170 1515 2229 esse,
1542 2152 1689 2232 quia

160 2250 285 2312 illud
326 2251 741 2328 praedicatum
774 2248 1088 2330 significat
1134 2265 1275 2310 esse
1324 2247 1692 2327 simpliciter

162 2344 322 2422 ipsius
350 2343 595 2418 Christi,
634 2347 711 2404 ut
744 2359 939 2421 snpra
972 2342 1209 2404 dictum
1250 2347 1381 2414 est;
1414 2340 1689 2404 Christus

162 2444 341 2498 autem
380 2455 511 2500 non
558 2436 807 2517 incepit
844 2437 910 2497 in
946 2453 1063 2498 suo
1110 2452 1248 2498 esse
1299 2434 1683 2514 simpliciter,

164 2530 313 2596 etiam
332 2531 391 2592 in
412 2537 731 2610 quantum
748 2531 963 2592 homo.
992 2528 1433 2609 Respondetur
1450 2532 1684 2604 tamen,

162 2625 569 2703 proprietatem
600 2622 919 2686 sermonis
946 2639 1027 2685 ex
1053 2622 1375 2685 communi
1398 2641 1519 2684 usu
1550 2639 1685 2685 esse

166 2717 599 2798 accipiendam3
642 2724 709 2781 at
758 2733 906 2781 vero
952 2719 1132 2798 juxta
1188 2734 1591 2780 communem
1618 2723 1694 2793 ‚et

164 2812 445 2891 proprium
488 2813 762 2876 modum
810 2811 1113 2892 loquendi
1136 2856 1159 2889 ‚
1191 2829 1321 2874 non
1368 2812 1575 2873 solum
1624 2811 1690 2872 in

166 2906 485 2984 praedicato,
514 2907 642 2969 sed
690 2907 883 2970 etiam
912 2905 983 2966 in
1014 2904 1321 2986 subjecto,
1349 2905 1503 2985 poni
1530 2903 1693 2968 solet

168 2997 569 3063 determinatio
594 3015 622 3080 3
654 3006 718 3062 et
743 2999 990 3074 merito,
1016 2999 1165 3078 quia
1188 2997 1501 3079 perillam
1531 2996 1690 3060 indi·

168 3099 313 3154 catur
332 3095 583 3176 propria
612 3094 777 3157 ratio
804 3092 1153 3155 secundum
1180 3109 1373 3171 quam
1398 3089 1691 3154 convenit

168 3187 411 3266 subjecto
437 3189 567 3252 tale
602 3188 1039 3270 praedicatum.
1060 3185 1241 3250 Unde
1268 3185 1340 3247 fit
1372 3189 1442 3248 ut
1472 3201 1691 3246 conse-

164 3288 391 3359 quenter
408 3283 601 3346 etiam
624 3281 1033 3363 proedicatum
1049 3277 1559 3342 accommodetur
1578 3277 1686 3341 tali

166 3375 407 3455 subjecto
440 3401 459 3453 3
504 3385 579 3440 ut
622 3395 767 3438 cum
802 3375 1065 3438 diciturt
1096 3373 1378 3438 Christus
1402 3372 1471 3434 iu
1496 3389 1691 3455 quan·

164 3473 267 3530 tum
282 3471 435 3536 homo
455 3473 689 3554 incepit
712 3488 860 3546 esse,
889 3472 1011 3533 hoc
1036 3470 1171 3549 ipso
1196 3467 1369 3547 quod
1384 3467 1690 3529 limitatur

164 3563 495 3644 subjectum,
524 3572 609 3628 ut
646 3571 769 3626 stet
806 3581 921 3644 pro
964 3562 1287 3643 supposito
1309 3561 1589 3623 humano
1618 3565 1690 3624 ut

168 3652 253 3730 sic,
290 3658 591 3722 limitatur
637 3658 831 3721 etiam
884 3655 1319 3737 praedicatum,
1358 3659 1447 3726 ut,
1480 3654 1685 3716 solum

172 3749 355 3814 tribuat
380 3753 467 3814 illi
495 3752 787 3832 subjecto
818 3757 883 3813 ut
912 3752 999 3812 sie
1024 3748 1451 3828 inceptionem
1476 3765 1687 3811 essen·

174 3839 235 3918 di,
266 3845 525 3921 scilicet,
566 3847 641 3907 in
676 3861 817 3908 esse
862 3843 1168 3906 humano.
1212 3843 1288 3904 Et
1314 3841 1399 3904 ita
1430 3841 1690 3904 solvitur

170 3939 536 4017 confirmatio,
568 3957 747 4012 nam,
769 3939 917 4000 licet
940 3955 1089 4009 esse,
1116 3935 1401 4000 absolute
1426 3935 1686 4012 dictum,

170 4037 215 4089 et
264 4035 639 4114 applicatum
696 4033 979 4111 subjecto
1016 4077 1032 4106 ‚
1085 4029 1447 4110 simpliciter
1501 4029 1689 4091 etiam

172 4133 405 4206 sumpte,
431 4134 496 4191 et
522 4128 669 4190 sine
696 4125 937 4201 addito,
967 4123 1279 4205 significet
1300 4141 1437 4185 esse
1460 4123 1691 4202 simpli-

170 4217 294 4280 citer
318 4219 479 4283 illius
516 4219 831 4301 suppositi
860 4264 877 4294 ,
906 4223 1147 4294 tamen,
1192 4214 1449 4296 quando
1494 4215 1693 4297 appli-

170 4317 315 4372 catur
359 4313 641 4396 suhjecto
684 4312 803 4375 sub
852 4310 1379 4374 determinatione
1426 4309 1637 4390 aliqua
1670 4353 1687 4384 ,

170 4408 374 4465 tantum
415 4404 731 4486 significat
772 4420 913 4468 esse
962 4403 1139 4484 quod
1188 4402 1511 4482 supposito
1570 4401 1692 4464 sul)

172 4495 255 4556 tali
304 4498 815 4562 determinatione
868 4497 1183 4560 convenit.
1240 4497 1319 4558 Et
1366 4495 1453 4558 ita
1504 4495 1691 4558 facile

172 4593 469 4656 concordat
506 4594 651 4656 haec
691 4591 973 4656 doctrina
1014 4609 1160 4654 eum
1215 4589 1291 4652 iis
1334 4606 1480 4669 quae
1524 4589 1690 4652 dicta

176 4691 291 4748 sunt
318 4687 727 4768 disputatione
754 4685 1163 4768 praecedenti,
1199 4685 1476 4748 sectione
1505 4701 1692 4764 quar-

176 4783 255 4854 ta,
279 4785 480 4862 regula
508 4783 776 4864 quarta3
822 4799 974 4844 nam
1017 4781 1139 4844 hoc
1171 4780 1581 4862 praedicatum
1608 4779 1691 4840 si-

180 4875 439 4948 gnificans
486 4877 955 4958 inceptionem,
986 4873 1275 4938 absolute
1320 4873 1559 4936 dictum
1610 4873 1690 4935 de

180 4971 479 5048 supposito,
505 4968 767 5050 requirit
786 4969 1179 5050 suppositum
1207 4971 1530 5046 creatum3
1558 4981 1690 5028 non

179 5073 299 5121 vem
324 5063 367 5124 si
390 5065 630 5127 dicatur
654 5065 735 5126 de
768 5064 1049 5142 subjecto
1079 5081 1222 5126 cum
1249 5062 1553 5143 praedicta
1582 5060 1692 5122 de-

184 5155 594 5221 terminatione.
640 5155 823 5222 unde
876 5157 1065 5219 etiam
1118 5156 1509 5236 intelligitur,
1544 5171 1691 5216 cum

185 5241 438 5327 Christus,
460 5253 523 5316 in
551 5256 861 5334 quantum
881 5252 1096 5328 home,
1120 5251 1347 5313 dicitur
1374 5257 1685 5325 creatura,

186 5333 271 5409 ibi,
295 5349 636 5421 creaturam,
661 5363 792 5406 non
822 5343 1177 5424 significare
1206 5344 1463 5423 aliquod
1489 5345 1693 5406 omui-

190 5447 254 5489 no
274 5451 339 5495 ex
356 5437 539 5501 nihilo
566 5438 968 5520 productum,
994 5437 1111 5500 sed
1132 5437 1369 5518 aliqmd
1398 5437 1692 5500 effectum

190 5529 239 5584 et
274 5531 617 5604 productum
668 5549 786 5616 per
826 5533 1141 5597 actionem
1188 5531 1489 5613 aliquam,
1540 5531 1689 5612 quia

1768 463 2068 541 Christus,
2091 465 2158 527 in
2183 471 2494 545 quantum
2515 465 2730 542 homo,
2749 483 2880 530 non
2907 473 3106 533 estex
3130 470 3328 534 nihilo

1767 558 2135 638 productus,
2167 561 2314 638 quia
2351 561 2526 634 illud,
2553 561 2621 624 iu
2648 569 2963 642 quantum,
2993 581 3122 627 non
3163 565 3331 628 desi-

1769 657 1921 734 gnat
1946 653 2148 715 solam
2173 653 2656 731 humanitatem,
2687 654 2802 717 sed
2832 662 3034 720 totum
3075 675 3329 738 compo-

1769 744 1960 806 situm
1989 753 2060 807 ut
2087 747 2196 820 sic,
2223 749 2398 828 quod
2425 767 2552 810 non
2581 755 2674 812 est
2703 749 2938 813 factum
2989 769 3068 814 ex
3103 754 3324 829 nihilo,

1768 846 1839 902 ut
1873 847 2137 903 constat.
2169 841 2350 904 Unde
2385 842 2468 904 ad
2503 843 2628 904 hoc
2653 844 2857 923 magis
2886 846 3327 924 explicandum

1771 934 2110 996 observare
2139 941 2406 1014 oportet,
2431 953 2563 998 non
2586 939 2844 998 omnino
2869 955 3011 1000 esse
3037 939 3206 1001 idem
3237 940 3330 1002 di-

1770 1044 1913 1090 cere
1940 1073 1962 1104 ‚
1987 1030 2310 1093 secumdum
2338 1029 2796 1103 humanitatom,
2817 1035 2904 1104 et,
2929 1030 2996 1095 in
3035 1039 3328 1113 quantum

1770 1123 1964 1199 home,
1992 1141 2142 1184 nam
2173 1123 2346 1204 prior
2373 1124 2680 1203 particula
2707 1123 2954 1187 videtur
2980 1127 3179 1188 solam
3220 1125 3329 1188 de-

1771 1217 2022 1296 signare
2051 1215 2544 1293 humanitatem,
2575 1233 2718 1296 quae
2745 1219 3006 1280 omnino
3033 1225 3128 1281 est
3151 1235 3330 1282 crea-

1771 1319 1911 1374 tura
1949 1311 2355 1392 producibilis
2407 1329 2486 1374 ex
2535 1313 2773 1387 nihilo;
2823 1315 3134 1394 posterior
3179 1331 3330 1377 vero

1769 1406 2096 1488 particula.
2121 1408 2189 1468 iu
2217 1413 2512 1487 quantum
2551 1409 2743 1484 tomo,
2791 1412 2992 1470 totum
3025 1409 3330 1488 composi-

1768 1507 1905 1562 tum
1926 1499 2239 1580 designat,
2269 1507 2340 1562 ut
2365 1500 2602 1562 dictum
2632 1508 2751 1563 est.

1848 1595 1909 1656 3.
1940 1595 2017 1656 Et
2043 1611 2123 1656 ex
2148 1593 2248 1655 his
2273 1594 2531 1656 taudem
2555 1595 2740 1658 facile
2767 1596 3132 1676 intelligitur
3157 1597 3330 1676 quod

1769 1687 1990 1750 ultimo
2015 1687 2150 1750 loco
2179 1685 2418 1750 addidit
2441 1690 2515 1750 1).
2545 1688 2843 1766 Thomas,
2869 1689 2922 1750 si
2953 1688 3224 1752 addatur
3249 1705 3330 1752 ex

1768 1786 1947 1862 parte
1989 1781 2254 1862 subjecti
2288 1781 2591 1847 articulus
2639 1782 3167 1844 demonstrativus
3190 1825 3208 1855 ‚
3253 1784 3328 1843 ut

1770 1875 2077 1938 dicendo:
2109 1875 2416 1955 Cho-istus,
2440 1877 2510 1940 in.
2535 1882 2828 1959 quantum
2867 1876 2966 1938 Ιιίο
3013 1877 3208 1947 homo,
3241 1881 3330 1940 m

1770 1974 2054 2034 &satura
2078 2015 2098 2045 ‚
2143 1972 2637 2052 propositionem
2687 1987 2828 2032 esse
2877 1969 3082 2050 magis
3131 1967 3328 2030 ambi·

1772 2079 2002 2144 guam3
2035 2063 2154 2125 erit
2197 2067 2368 2126 enim
2394 2065 2575 2139 falsa,
2611 2062 3079 2125 demonstretur
3117 2062 3328 2142 ipsum

1770 2154 2184 2236 suppositum.
2227 2158 2468 2222 Tamen
2495 2158 2562 2218 in
2587 2157 2796 2237 rigore
2833 2161 3002 2218 etex
3046 2155 3328 2235 proprie·-

1768 2257 1895 2314 tote
1918 2251 2248 2326 sermonis,
2277 2253 2466 2315 etiam
2485 2257 2690 2333 potest
2709 2250 3042 2312 admittere
3071 2263 3328 2312 sensum

1768 2363 1989 2410 verum
2008 2366 2024 2421 ;
2053 2346 2202 2426 quia
2223 2345 2326 2408 hic
2351 2347 2542 2408 homo
2569 2350 2634 2408 et
2657 2344 3007 2406 formaliter
3017 2360 3148 2405 non
3169 2341 3330 2404 desi-

1769 2449 1921 2522 gnat
1957 2441 2372 2524 suppositum,
2423 2440 2536 2503 sed
2587 2439 3034 2501 subsistentem
3083 2438 3150 2498 in
3206 2437 3328 2500 hac

1767 2535 2185 2611 humanitate,
2201 2541 2272 2598 ut
2301 2535 2416 2612 sic,
2437 2537 2502 2596 et
2523 2533 2671 2596 licet
2693 2531 2980 2612 designet
3003 2531 3180 2609 illud,
3197 2547 3328 2593 nun

1766 2635 1984 2694 tamen
2013 2631 2300 2693 absolute
2333 2635 2396 2692 et
2423 2626 2774 2694 secundum
2803 2645 2896 2703 se,
2928 2627 3041 2688 sed
3075 2633 3148 2689 ut
3183 2643 3330 2688 cum

1771 2724 1891 2787 hac
1913 2725 2304 2786 humanitate
2321 2722 2642 2806 componit
2663 2721 2834 2784 hunc
2853 2720 3200 2796 hominem,
3221 2721 3330 2800 qui

1770 2820 1887 2882 sub
1915 2820 2038 2880 hac
2065 2819 2311 2881 ratione
2353 2817 2476 2880 dici
2517 2819 2724 2897 potest
2777 2821 3087 2888 creatura,
3119 2821 3190 2875 ut
3221 2831 3331 2875 ex·

1766 2913 2064 2995 plicatum
2095 2919 2206 2976 est.

2263 3107 2684 3174 ARTICULUS
2723 3107 2828 3170 XI.

1780 3281 2000 3347 Utrum
2029 3282 2154 3346 Iuleo
2173 3282 2262 3346 eit
2294 3297 2438 3345 vera
2499 3277 2804 3352 Chr-ism,
2831 3277 3148 3342 secundm
3175 3277 3328 3358 qnod

2252 3375 2444 3452 homo,
2473 3379 2566 3438 m
2590 3375 2758 3439 Dm
2780 3371 2820 3433 ¹.

1850 3560 1911 3618 1.
1951 3555 2055 3621 Aa
2118 3557 2492 3622 undecimum
2535 3557 2627 3621 sio
2676 3555 3044 3636 proceditur.
3081 3552 3330 3621 Videtur

1768 3651 1927 3732 quod
1955 3650 2266 3729 Chi-ism,
2285 3653 2606 3716 secundum
2633 3649 2790 3732 quod
2812 3649 3006 3725 homo,
3025 3649 3111 3712 eit
3137 3647 3324 3712 Dm.

1772 3744 2062 3810 Christus
2099 3747 2260 3810 mim
2285 3751 2375 3811 est
2414 3746 2582 3809 Dm
2609 3761 2722 3827 por
2757 3743 3030 3823 aratiam
3053 3743 3324 3804 anime.

1772 3836 1903 3902 Sed
1928 3837 2574 3916 Christm‚semmdum
2593 3837 2752 3919 quoa
2775 3837 2964 3910 homo,
2987 3835 3162 3899 habet
3185 3849 3331 3914 om-

1772 3933 1923 3996 tiam
1949 3933 2218 3998 unionis.
2249 3933 2428 4014 Ergo
2469 3930 2777 4007 Clio-istus,
2819 3929 3138 3995 semaam
3177 3926 3335 4009 quod

1770 4025 1966 4100 homo,
1995 4031 2086 4090 est
2116 4027 2301 4091 Deus.

1852 4123 1916 4183 2.
1938 4119 2268 4197 Proteo-ea,
2293 4119 2594 4186 dimittere
2610 4123 2880 4204 peccata,
2907 4123 2996 4184 eet
3011 4117 3332 4200 proprium

1769 4212 1915 4286 Dei,
1945 4215 2270 4278 secundum
2298 4213 2464 4279 illud
2497 4213 2690 4279 Ieaioe
2713 4215 2834 4276 43:
2876 4213 3016 4295 Epo
3043 4231 3176 4277 rum
3201 4211 3334 4292 ipre

1772 4309 1879 4388 qui
1924 4308 2081 4372 deleo
2147 4307 2511 4390 iniquitates
2563 4313 2704 4372 tuas
2751 4313 3000 4388 propter
3049 4325 3162 4370 me.
3207 4303 3338 4370 Sed

1776 4400 2084 4477 Gloriam,
2119 4402 2438 4467 scandum
2466 4401 2623 4484 quod
2643 4401 2838 4477 homo,
2853 4399 3108 4466 dimicat
3132 4416 3332 4482 pecca·

1772 4500 1861 4565 ta,
1892 4496 2216 4559 seeundum
2242 4496 2402 4559 illud
2421 4495 2654 4560 Mutela.
2681 4496 2804 4558 16:
2837 4495 2922 4558 Ut
2945 4498 3148 4558 autem
3170 4493 3364 4558 roim·

1774 4591 1859 4654 tie
1884 4592 2036 4672 quia
2058 4590 2234 4673 filim
2261 4590 2529 4655 hominis
2555 4590 2734 4655 habet
2751 4593 3108 4674 potestaten·
3126 4587 3196 4652 in
3211 4591 3336 4650 ter-

1769 4702 1847 4751 ra
1876 4685 2223 4749 dimittendi
2237 4689 2513 4767 peccata,
2543 4689 2663 4746 etc.
2690 4685 2864 4767 Ενρο
2897 4682 3213 4758 Christus,
3243 4697 3333 4746 se·

1770 4779 2033 4844 cundum
2059 4779 2218 4859 quod
2242 4779 2436 4853 homo,
2457 4783 2552 4841 ut
2577 4779 2762 4843 Dour.

1854 4875 1914 4935 3.
1940 4873 2276 4946 Praeterea,
2299 4869 2586 4936 Christus
2609 4889 2728 4936 uon
2757 4878 2847 4936 est
2885 4873 3052 4936 bomo
3074 4887 3334 4936 eonium-

1769 4967 1895 5043 nie,
1913 4968 2020 5030 sed
2037 4970 2128 5030 ost
2153 4967 2322 5029 homo
2347 4963 2464 5029 isto
2487 4965 2916 5046 pao-ticulum.
2953 4965 3086 5032 Sed
3121 4963 3334 5030 Chris-

1768 5067 1895 5137 tus,
1929 5063 2256 5127 temdum
2301 5061 2460 5143 quod
2516 5067 2606 5126 est
2651 5063 2772 5126 isto
2813 5063 3005 5136 hmo,
3029 5067 3121 5126 eet
3143 5062 3331 5132 Dm,

1770 5156 1920 5238 quia
1973 5157 2044 5218 in
2089 5157 2208 5220 isto
2261 5153 2492 5220 omnine
2549 5157 2908 5238 deriynaticr
2956 5153 3335 5236 suppositum

1771 5256 2088 5333 ceterorum,
2138 5251 2296 5334 quod
2353 5250 2730 5313 naturaliter
2780 5255 2872 5313 est
2919 5249 3105 5312 Deus.
3157 5245 3333 5325 Eryo

1775 5346 2078 5423 Christus,
2101 5347 2419 5410 secundum
2446 5345 2602 5426 quod
2629 5343 2824 5420 homo,
2847 5347 2940 5407 est
2959 5341 3148 5406 Deus.

1852 5529 2180 5607 13,(1.ι(),
2210 5543 2272 5606 q.
2308 5530 2366 5600 1,
2395 5533 2513 5588 art.
2543 5533 2604 5604 1,
2631 5531 2782 5608 qd,
2813 5533 2878 5590 et
2900 5544 2962 5606 q.
2993 5527 3052 5604 3,
3077 5541 3247 5608 corp.
