3892 6167
453 365 573 430 356

455 475 604 538 dam
632 477 704 536 D.
743 474 998 536 Thomas
1025 469 1406 546 testimonia,
1433 487 1574 550 quse
1599 467 1678 530 ad
1709 487 1838 530 rem
1865 485 2021 548 prae-

455 571 700 630 sentem
731 566 890 628 nihil
931 565 1084 626 mihi
1125 565 1362 626 referre
1401 563 1710 626 videntur.
1773 562 2021 624 Funda-

453 666 740 722 mentum
761 660 948 738 hujus
971 657 1295 719 sententiae
1323 663 1420 719 est
1438 657 1692 736 duplex.
1717 655 2015 732 Primum,

455 756 608 833 quia
625 752 779 815 alias
795 751 1156 831 justificatio
1180 750 1361 812 fieret
1379 751 1638 812 omnino
1659 767 1734 812 ex
1751 749 2013 828 justitia,

457 853 522 910 et
575 845 748 909 nullo
801 844 992 908 modo
1045 861 1120 905 ex
1177 845 1378 923 gratia
1393 888 1416 920 ,
1465 842 1686 906 saltem
1729 847 2019 920 respectu

455 939 702 1015 Christi,
747 937 920 1016 quod
962 937 1084 998 illis
1125 937 1376 1000 videtur
1427 935 1902 1009 inconveniens,
1956 939 2020 994 et

455 1038 670 1094 contra
697 1031 984 1106 Paulum,
1007 1030 1370 1110 ubicunque
1393 1030 1472 1092 de
1493 1030 1694 1110 gratia
1714 1025 2017 1108 justifica·

453 1125 640 1186 tionis
667 1125 964 1204 loquitur,
987 1126 1136 1202 quia
1159 1125 1292 1202 jam
1307 1125 1510 1202 gratia
1539 1139 1667 1184 non
1685 1127 1854 1184 esset
1875 1139 2019 1201 gra-

453 1218 561 1292 tia,
595 1218 710 1280 sed
725 1217 986 1296 justitia.
1020 1215 1200 1290 Quod
1235 1217 1287 1278 si
1323 1216 1602 1296 objicias,
1656 1217 1804 1295 qnia
1847 1215 2019 1276 idem

454 1311 632 1392 sequi
687 1311 932 1374 videtur
957 1311 1025 1372 in
1067 1327 1294 1372 eorum
1348 1309 1666 1389 opinione,
1716 1309 1864 1388 quia
1897 1309 2019 1388 ipsi

453 1403 828 1475 concedunt.
859 1403 1120 1466 habenti
1163 1402 1626 1477 contritionem,
1675 1419 1792 1464 seu
1817 1401 1876 1463 ei
1911 1400 2016 1463 cui

453 1497 802 1579 applicatur
829 1497 1202 1577 baptismus,
1227 1494 1564 1576 exjustitia
1593 1495 1728 1556 dari
1749 1495 2017 1576 gratiam

454 1598 522 1656 et
553 1592 992 1654 remissionem
1016 1589 1260 1671 peccati
1291 1595 1581 1669 respectu
1607 1586 1856 1662 Christi,
1886 1603 2017 1650 res·

450 1685 823 1766 pendebunt
864 1685 986 1746 hoc
1013 1701 1144 1746 non
1189 1701 1330 1746 esse
1361 1682 1834 1758 inconveniens,
1863 1681 2015 1760 quia

452 1777 832 1840 sufficienter
863 1776 1140 1838 salvatur
1167 1776 1326 1839 ratio
1355 1775 1574 1858 gratiae
1613 1775 1682 1836 in
1705 1774 1844 1855 ipsa
1871 1791 2015 1854 gra·

451 1871 614 1932 tuita
651 1869 1095 1950 applicatione,
1137 1875 1202 1932 et
1243 1871 1328 1932 ita
1361 1869 1833 1949 conjunguntur
1873 1884 2015 1948 per·

449 1963 792 2028 fectissimo
815 1963 1006 2026 modo
1021 1962 1180 2026 ratio
1199 1962 1644 2025 misericordioe
1669 1967 1734 2025 et
1751 1961 2014 2041 justitiae

449 2057 519 2117 in
555 2054 996 2136 justificatione
1035 2055 1417 2136 peccatoris;
1463 2057 1516 2118 si
1553 2061 1767 2117 autem
1811 2059 2015 2116 totum

447 2147 562 2210 fiat
611 2167 689 2212 ex
739 2147 982 2210 meritis
1031 2147 1278 2226 Christi,
1321 2167 1582 2230 prorsus
1629 2147 1806 2210 nulla
1855 2148 2017 2208 ratio

448 2241 666 2324 gratim
712 2241 1077 2306 intercedet.
1137 2243 1500 2306 Secundum
1525 2291 1540 2318 ,
1595 2242 1746 2320 quia
1764 2285 1788 2317 ,
1845 2239 2017 2320 quod

445 2337 596 2399 huic
621 2335 830 2416 potius
851 2353 1045 2416 quam
1071 2337 1160 2400 illi
1191 2337 1546 2419 applicetur
1567 2335 1798 2400 Christi
1825 2335 2015 2398 meri-

442 2437 606 2502 tum,
631 2435 824 2509 atque
863 2429 1024 2492 adeo
1053 2429 1226 2509 quod
1271 2431 1376 2492 hic
1419 2428 1772 2511 baptizetur
1806 2429 2017 2509 potius

446 2539 638 2604 quam
669 2523 800 2601 ille,
830 2539 962 2586 non
1005 2531 1204 2587 estex
1227 2523 1452 2586 merito
1479 2522 1725 2598 Christi,
1777 2521 1892 2584 sed
1937 2539 2015 2584 ex

446 2615 586 2677 sola
627 2614 840 2678 divina
881 2616 1191 2678 electione
1235 2621 1300 2678 et
1347 2614 1796 2690 misericordia,
1833 2617 2015 2694 juxta

445 2708 605 2772 illud
641 2709 819 2772 Pauli
845 2710 930 2772 ad
955 2710 1186 2790 Ephes.
1217 2713 1250 2772 1
1287 2729 1304 2772 :
1335 2711 1422 2774 Ιιι
1451 2727 1564 2792 quo
1585 2727 1700 2772 ιιοι
1717 2715 1880 2774 sorte
1903 2727 2013 2772 vo·-

445 2807 574 2867 cati
597 2821 830 2876 cumas,
851 2804 1276 2886 predestinati
1296 2803 1618 2867 ιιοιιιᾱιιηι
1629 2804 2013 2884 propositum

444 2896 602 2975 qius,
629 2899 737 2976 qui
763 2899 1049 2976 operam
1088 2895 1290 2960 omnia
1331 2895 1652 2960 secundum
1693 2893 2013 2958 omilium

443 2986 776 3052 voluntatis
803 3005 970 3061 suoe,·
1001 2994 1066 3049 et
1091 2987 1175 3049 ad
1199 2989 1380 3050 Rom.
1405 2990 1486 3052 8:
1526 2988 1686 3064 Quos
1701 2987 2015 3070 proescivit

447 3086 506 3144 ot
535 3081 998 3162 pra-destinavit
1023 3085 1348 3161 conformes
1371 3082 1514 3159 fieri
1534 3082 1827 3161 imayinie
1849 3080 2016 3146 Filii

448 3173 570 3250 sui,
597 3174 707 3237 Ιιοι
733 3179 792 3236 et
813 3171 1072 3248 vocavit,
1104 3179 1226 3236 etc.
1259 3173 1440 3247 Quod
1461 3180 1663 3236 totum
1691 3175 1924 3250 statim,
1945 3175 2015 3236 in

448 3285 506 3328 c.
541 3269 605 3341 9,
639 3265 700 3328 in
731 3265 932 3327 solam
961 3266 1072 3328 Dei
1113 3267 1500 3329 voluntatem
1527 3273 1592 3329 et
1639 3267 2013 3330 electionem

445 3358 676 3437 retert3
717 3365 784 3420 ct
811 3359 1038 3420 similia
1087 3367 1237 3422 sunt
1271 3360 1624 3441 frequentia
1669 3361 1811 3424 loca
1843 3361 2017 3441 apud

451 3451 734 3526 Paulum,
752 3451 862 3513 sed
875 3453 1226 3532 prasertim
1241 3453 1424 3516 viden
1431 3461 1530 3516 tur
1542 3454 1625 3517 ad
1639 3461 2015 3535 praesentem

447 3545 862 3624 quastionem
906 3546 1382 3610 accommodata
1423 3549 1528 3610 illa
1567 3549 1792 3610 ultima
1821 3550 2016 3612 verba

445 3637 638 3700 totius
687 3638 964 3717 epistolae
1003 3640 1086 3701 ad
1113 3640 1342 3704 Hebr.:
1389 3641 1556 3704 Deus
1603 3649 1804 3706 auum
1837 3645 2015 3724 pacis

446 3737 612 3812 aptet
637 3749 742 3794 vos
761 3734 828 3794 in
857 3731 1022 3794 omi
1045 3733 1212 3807 bono,
1241 3739 1312 3796 ιιι
1341 3735 1602 3812 faciatis
1640 3735 1774 3814 eju
1807 3736 2017 3800 volun-

448 3828 661 3900 tatem,
687 3827 918 3904 faciens
959 3828 1028 3887 in
1065 3825 1230 3890 vobis
1255 3827 1412 3908 quod
1446 3827 1684 3908 placeat
1719 3845 1921 3892 coram
1951 3845 2016 3892 ιι

437 3937 554 4001 per
575 3919 796 3984 Iocum
827 3918 1136 3984 Christum
1149 3943 1176 3991 ,·
1203 3921 1316 3984 ubi
1333 3922 1820 4002 applicationem
1843 3922 2013 3984 vide-

444 4016 550 4074 tur
601 4011 838 4075 referre
887 4013 952 4074 in
1012 4011 1478 4094 beneplacitum
1529 4015 1681 4089 Dei,
1717 4015 2012 4078 effectum

444 4123 596 4168 vero
621 4105 687 4166 in
707 4107 926 4168 Iesum
957 4104 1294 4172 Christum.

529 4199 590 4258 3.
603 4199 746 4260 Haec
763 4201 1100 4276 sententia,
1115 4201 1408 4280 quamvis
1421 4201 1806 4281 antiquiores
1813 4203 2013 4264 Theo·-

448 4291 580 4370 logi
601 4290 760 4352 nihil
795 4309 1090 4373 expresse
1117 4295 1285 4357 circa
1311 4295 1484 4356 illam
1521 4303 1832 4371 asserant,
1863 4298 2013 4377 quia

447 4384 864 4465 qnaestionem
891 4387 1056 4448 hanc
1073 4385 1142 4448 in
1169 4389 1440 4468 propriis
1453 4389 1746 4451 terminis
1767 4408 1896 4452 non
1921 4397 2013 4454 at·

447 4479 748 4561 tigerunt,
771 4478 926 4540 mihi
949 4484 1166 4542 tamen
1193 4499 1316 4542 nec
1339 4481 1692 4561 probanda,
1718 4501 1926 4564 neque
1945 4485 2011 4546 in

447 4572 682 4638 scholis
719 4571 1040 4636 audienda
1083 4573 1376 4653 videtum
1407 4577 1556 4656 quia
1595 4593 1806 4657 neque
1848 4579 2014 4640 veri-

444 4667 585 4742 tati,
623 4681 836 4747 neque
889 4665 1104 4747 pietati
1149 4676 1578 4733 consentanea
1627 4673 1722 4732 est
1737 4692 1758 4747 ς
1808 4671 2014 4751 impu-

449 4767 650 4842 gnant
673 4761 846 4823 illam
873 4761 1000 4824 late
1025 4761 1224 4842 Vega,
1254 4770 1386 4826 toto
1418 4764 1528 4825 lib.
1558 4766 1599 4827 4
1635 4781 1826 4844 super
1851 4762 2011 4826 Con·-

447 4854 554 4916 cil.
584 4854 864 4933 Triden.,
891 4861 956 4916 et
991 4853 1102 4916 lib.
1148 4857 1249 4931 15,
1299 4875 1355 4920 c.
1389 4855 1430 4920 9
1449 4864 1512 4919 et
1539 4861 1650 4933 10;
1685 4857 1963 4919 Hosius'
1943 4877 2011 4920 m

449 4948 852 5012 Confessione
871 4947 1046 5026 fidei,
1077 4967 1134 5012 c.
1161 4951 1240 5011 41
1269 4955 1334 5013 et
1359 4946 1474 5031 ἃς
1513 4946 1855 5027 Lindanus,
1894 4951 2003 5014 lib.

445 5041 488 5104 3
517 5043 853 5123 Panoplire,
882 5062 936 5108 c.
981 5047 1094 5120 863
1125 5049 1192 5104 et
1245 5043 1350 5105 alii
1403 5045 1514 5124 qui
1559 5051 1774 5107 nostra
1823 5051 2009 5108 ‘etate

443 5141 670 5198 contra
701 5133 1093 5200 Lutheranos
1119 5135 1420 5198 scribunt.
1449 5137 1546 5198 Ad
1571 5136 2007 5218 explicandam

447 5242 602 5309 ergo
621 5236 688 5292 et
711 5229 1132 5293 definiendam
1161 5230 1515 5307 veritatem,

525 5325 589 5383 4.
603 5316 790 5390 Omne
813 5323 1118 5388 amilium
1139 5325 1388 5406 qratia,
1409 5326 1491 5389 ad
1503 5322 2008 5406 justificationom

448 5417 796 5482 ordinatum
822 5463 844 5494 ,
900 5415 1132 5482 Christi
1186 5421 1430 5484 meritis
1475 5419 1782 5482 datur.-
1809 5418 2004 5483 Dico:

443 5523 634 5574 omne
660 5509 960 5573 auxilium
987 5509 1206 5591 gratia
1237 5512 1562 5575 excitantis
1603 5517 1668 5576 et
1707 5511 2007 5592 adjuvan-

1675 363 1911 429 QUAEST.
1945 363 2075 418 xlx.
2108 361 2309 418 Alme.
2346 363 2431 416 iv.

2102 467 2205 542 tis,
2231 465 2401 545 quod
2423 464 2611 527 datur
2632 462 2892 539 homini,
2914 468 2987 526 ut
3000 479 3071 525 se
3092 461 3401 543 disponat
3418 464 3503 526 ad
3525 481 3649 546 grs-

2098 559 2279 635 tiam,
2300 577 2339 620 a
2369 559 2571 640 prima
2598 557 2927 620 vocatione
2954 573 3159 635 usque
3192 559 3279 620 ad
3308 559 3653 638 dispositio·

2098 669 2247 714 nem
2278 653 2585 727 ultimam,
2608 659 2703 714 eet
2734 651 2995 713 effectus
3018 658 3085 712 et
3112 652 3451 731 proemium
3482 655 3653 714 meri·

2098 753 2309 808 torum
2353 745 2601 818 Christi,
2628 746 2737 824 qui
2766 746 2905 807 hoec
2942 746 3159 808 omnia
3184 746 3363 807 hona
3394 745 3655 808 homini-

2096 839 2220 902 bus
2252 841 2503 903 meruit.
2530 842 2699 914 Haec,
2724 847 2795 902 ut
2818 839 3131 917 existimo,
3154 846 3255 902 est
3270 845 3507 919 aperta
3532 858 3659 901 sen·

2098 934 2295 996 tentia
2321 935 2391 997 D.
2440 935 2697 996 Thomae
2724 952 2939 1014 supra,
2971 951 3037 1013 q.
3065 935 3123 1008 7,
3156 939 3277 995 art.
3310 937 3399 1009 9,
3426 933 3541 994 uhi
3564 935 3661 996 in·

2096 1027 2254 1108 quit,
2290 1027 2529 1092 Christo
2576 1027 2791 1090 datam
2836 1045 2975 1090 esse
3019 1028 3317 1107 gratiam,
3358 1033 3663 1104 tanquam

2100 1119 2351 1182 cuidam
2374 1119 2681 1200 principio
2703 1119 3043 1182 universali
3062 1120 3127 1180 in
3148 1135 3403 1200 genere
3428 1119 3667 1182 hahen-

2096 1215 2257 1278 tium
2274 1214 2563 1294 gratiam,
2588 1215 2770 1294 cujus
2786 1215 2985 1278 virtus
3012 1233 3085 1278 se
3108 1214 3399 1276 extendit
3422 1213 3513 1275 nd
3540 1231 3669 1276 om·

2099 1327 2215 1370 nes
2242 1308 2461 1387 gratiss
2486 1308 2750 1370 effectus
2782 1314 2848 1370 et
2878 1307 3305 1387 operationes,
3342 1307 3527 1386 quod
3554 1315 3665 1368 art.

2102 1406 2181 1464 10
2209 1402 2462 1483 repetit,
2505 1401 2663 1464 etin
2694 1407 2813 1463 art.
2860 1405 2959 1476 11,
2986 1401 3137 1462 etin
3167 1417 3231 1479 q.
3260 1404 3303 1463 8
3328 1407 3495 1474 tota,
3518 1417 3670 1478 pre-

2098 1497 2315 1558 sertim
2343 1503 2459 1558 art.
2484 1498 2547 1572 3,
2564 1495 2647 1558 ad
2674 1497 2737 1571 2,
2764 1494 2871 1557 ubi
2900 1494 3095 1558 fidem
3122 1495 3319 1557 etiam
3350 1500 3673 1556 mortuam

2098 1589 2247 1652 dicit
2268 1605 2407 1652 esse
2436 1607 2515 1652 ex
2540 1589 2784 1652 influxu
2808 1587 3033 1652 Christi
3056 1587 3297 1670 capitis,
3328 1593 3396 1650 et
3416 1587 3515 1650 ita
3542 1605 3673 1648 om·

2098 1701 2213 1744 nes
2278 1683 2664 1745 recentiores
2714 1680 3002 1760 discipuli
3062 1682 3135 1742 D.
3180 1681 3459 1743 'rhotum
3507 1681 3677 1744 hane

2096 1775 2568 1840 conclusionem
2585 1774 3067 1854 amplectuntur.
3086 1773 3291 1846 Quam
3308 1773 3677 1837 satisetiam

2096 1869 2331 1932 indicat
2354 1871 2548 1945 Scot.,
2572 1868 2637 1932 in
2652 1871 2715 1942 3,
2733 1869 2877 1930 dist.
2902 1869 3001 1942 19,
3028 1884 3095 1947 q.
3116 1866 3334 1930 unica.
3358 1867 3575 1930 Probo
3600 1885 3679 1930 ex

2096 1964 2417 2043 Scriptura
2474 1969 2537 2025 et
2586 1961 2818 2026 sanctis
2860 1962 3169 2036 Patribus,
3202 1961 3287 2026 od
3314 1962 3560 2041 Ephoe.
3595 1965 3675 2024 1:

2102 2059 2219 2133 Qui
2264 2058 2561 2122 benedicit
2590 2073 2696 2120 nos
2724 2057 2889 2118 omni
2916 2055 3311 2120 &uadimonia
3344 2055 3684 2135 spirituali

2095 2153 2162 2216 in
2200 2151 2533 2216 calcatibus
2562 2152 2633 2214 ιἰι
2666 2149 2913 2216 Christo
2930 2195 2952 2226 ,
2982 2149 3093 2212 ubi
3142 2149 3358 2229 inquit
3406 2149 3685 2210 Ambro-

2096 2245 2263 2308 sius:
2300 2245 2483 2310 Omne
2520 2246 2735 2308 domm
2772 2243 2999 2324 gratim
3028 2244 3145 2308 Dei
3164 2242 3233 2306 in
3263 2242 3527 2308 obsisto
3558 2249 3682 2313 eet,

2098 2345 2155 2404 ot
2202 2338 2262 2403 si
2302 2340 2465 2420 quie,
2506 2343 2711 2420 spreto
2764 2336 3035 2411 Christo,
3062 2337 3325 2400 &medici
3352 2355 3419 2400 ss
3446 2356 3517 2400 'a
3548 2337 3683 2398 Deo

2092 2439 2297 2516 putat,
2326 2451 2535 2496 errare
2584 2450 2650 2497 se
2704 2429 2860 2496 sciat
2872 2457 2901 2506 ,·
2924 2434 2990 2494 et
3026 2428 3363 2510 subjungit
3386 2430 3641 2492 Paulus
3658 2449 3681 2492 ι

2096 2528 2179 2590 In
2216 2543 2329 2607 quo
2376 2531 2537 2591 sorte
2582 2523 2779 2590 vocati
2818 2542 3030 2588 sumus
3052 2550 3081 2598 ;
3110 2541 3239 2604 quo
3294 2523 3685 2585 testimonio

2095 2619 2477 2683 abutebatur
2504 2619 2819 2680 contraria
2846 2617 3157 2680 sententia
3171 2631 3194 2694 ;
3222 2635 3381 2679 nam
3402 2635 3683 2696 expres-

2094 2731 2161 2776 se
2188 2713 2275 2774 ibi
2296 2713 2527 2776 Paulus
2550 2713 2641 2774 ait
2666 2713 2869 2793 ipsam
2890 2712 3285 2774 vocationem
3308 2710 3461 2772 dari
3490 2711 3685 2773 nohis

2093 2805 2160 2868 in
2186 2806 2443 2881 Christo,
2468 2812 2537 2868 ut
2563 2806 2801 2870 notavit
2830 2805 3021 2884 Aug..
3052 2805 3166 2868 lib.
3187 2804 3274 2868 de
3298 2807 3500 2866 Dono
3532 2821 3685 2882 per-

2095 2907 2435 2977 severant„
2472 2917 2613 2980 cap.
2654 2903 2693 2964 9
2712 2922 2731 2977 ς
2772 2904 2835 2962 'et
2863 2899 3213 2962 evidentius
3240 2898 3470 2960 docuit
3504 2898 3685 2960 idem

2094 2993 2349 3072 Paulus,
2376 2999 2415 3058 2
2467 2995 2552 3056 ad
2594 2993 2993 3057 Timotheum
3023 2995 3051 3054 1
3090 3011 3109 3052 τ
3153 2991 3399 3060 Vocoevit
3420 3009 3559 3054 nos
3582 3011 3687 3054 ne—

2094 3091 2327 3152 cationo
2370 3105 2487 3154 ιιια
2536 3092 2774 3164 sancta,
2802 3103 2923 3150 non
2964 3087 3288 3150 secundnm
3312 3101 3521 3165 opera
3546 3105 3687 3148 noe-

2094 3188 2219 3258 ινα,
2242 3183 2349 3246 sed
2380 3182 2703 3246 exendum
2734 3181 3027 3263 qratiam,
3058 3196 3191 3259 μω
3220 3179 3371 3240 daca
3414 3184 3524 3242 est
3576 3197 3687 3240 no·

2097 3277 2191 3339 bis
2238 3277 2305 3338 iu
2342 3273 2587 3338 Christo
2630 3276 2785 3338 Jesu
2802 3297 2829 3346 ;
2856 3273 2967 3336 ubi
3010 3277 3185 3336 recte
3230 3270 3353 3334 hoc
3396 3273 3689 3351 exponit

2098 3369 2455 3444 Anselrnus,
2482 3367 2655 3446 quod
2698 3367 2889 3428 etiam
2918 3365 3245 3428 confirmat
3284 3363 3573 3439 Paulae,
3606 3365 3687 3426 ad

2095 3461 2325 3540 EpheS.
2350 3465 2412 3536 2,
2436 3459 2784 3540 generatim
2812 3459 3046 3535 dicens,
3073 3458 3269 3522 wem-i
3289 3475 3405 3520 uos
3430 3457 3517 3520 in
3552 3477 3687 3540 ope·

2094 3555 2267 3616 ribus
2294 3555 2461 3616 bonis
2487 3555 2557 3614 iu
2588 3551 2827 3616 Christo
2868 3554 2921 3616 J
2923 3569 3027 3616 esu
3046 3577 3069 3624 ;
3092 3551 3200 3613 ubi
3226 3556 3433 3612 totum
3466 3569 3685 3632 nego—

2096 3646 2251 3706 tium
2284 3646 2497 3724 gratiee
2526 3651 2589 3708 et
2614 3645 3078 3723 justificationis
3109 3644 3488 3723 peccatoris,
3524 3648 3685 3723 quia

2096 3757 2175 3802 ex
2200 3740 2373 3800 nullo
2402 3739 2539 3819 ejus
2560 3739 2787 3804 merito
2814 3745 2927 3800 aut
2952 3753 3145 3818 opere
3166 3736 3417 3799 initium
3440 3738 3682 3812 sumit,

2094 3831 2385 3912 quiedam
2414 3832 2672 3894 moralis
2710 3831 2943 3894 creatio
2982 3830 3229 3905 dicitur,
3256 3847 3399 3908 quoe
3440 3835 3685 3892 tamen

2092 3931 2225 3987 tota
2238 3923 2460 3988 Christi
2487 3926 2727 3988 meritis
2757 3925 3071 3998 tribuitur,
3098 3930 3165 3986 ut
3192 3923 3539 4000 chrysost.
3565 3942 3684 3984 no-

2090 4019 2279 4096 tavit3
2308 4025 2373 4081 et
2396 4037 2533 4099 cap.
2566 4023 2630 4095 4,
2660 4019 2869 4097 inquit
2891 4015 3116 4082 Pettius
3146 4015 3503 4092 unicuique
3536 4015 3683 4076 dari

2093 4113 2359 4192 gratiam
2389 4155 2407 4188 ,
2474 4114 2797 4176 secundum
2874 4125 3224 4176 menarum
3298 4108 3682 4173 donationis

2096 4203 2349 4280 Christi,
2382 4207 2582 4285 quiin
2611 4205 2951 4268 Ecclesiam
2982 4220 3164 4266 suam
3201 4200 3405 4264 influit
3454 4200 3679 4262 diver·

2092 4315 2197 4362 sas
2240 4300 2499 4378 gratiae,
2532 4298 2784 4360 diversa
2820 4297 3188 4369 ministeria,
3216 4300 3279 4356 et
3304 4293 3571 4356 auxilia
3598 4293 3679 4354 ad

2092 4391 2201 4454 illa
2224 4390 2627 4472 perficienda.
2650 4393 2727 4454 Et
2750 4389 2834 4452 ad
2857 4389 3079 4470 Philip.
3097 4391 3127 4450 1
3156 4406 3173 4448 :
3210 4387 3675 4466 maestaque,

2093 4487 2377 4550 donam
2402 4491 2493 4552 ut
2514 4503 2628 4567 pro
2658 4484 2928 4560 christo,
2964 4501 3085 4548 non
3110 4481 3300 4546 solum
3322 4483 3397 4542 ιιι
3422 4477 3502 4542 in
3534 4499 3677 4542 cusi

2093 4578 2381 4654 credatis,
2402 4580 2509 4644 cod
2528 4581 2711 4643 etiam
2750 4583 2821 4642 ιιι
2854 4595 2971 4658 pro
3004 4577 3141 4658 ipso
3171 4573 3557 4656 patiam.
3590 4575 3677 4636 Ex

2092 4689 2221 4750 quo
2240 4671 2377 4734 loco
2398 4671 2633 4752 colligit
2652 4672 3062 4752 Augustinus,
3084 4672 3263 4732 tract.
3282 4669 3321 4730 3
3338 4666 3671 4740 §.n-sonu„

2094 4765 2285 4826 etiam
2334 4765 2544 4844 ipsum
2590 4765 2839 4828 initium
2887 4763 3061 4838 fidei,
3100 4769 3166 4826 et
3202 4760 3519 4826 auxilium
3558 4781 3674 4841 pa-

2090 4857 2321 4920 tientioe
2342 4858 2481 4920 dari
2500 4865 2755 4939 propter
2780 4858 3003 4920 Christi
3026 4854 3283 4932 merita;
3302 4853 3403 4916 et
3384 4871 3460 4914 ιιι
3482 4855 3669 4916 hunc

2092 4967 2347 5014 sensum
2388 4953 2645 5032 exponit
2672 4951 2829 5014 illud
2848 4951 3036 5014 Jonn.
3059 4953 3137 5011 1:
3160 4951 3254 5014 ,De
3274 4948 3670 5028 planandum

2090 5045 2227 5125 ejvs
2271 5064 2381 5109 nos
2435 5063 2635 5110 omues
2683 5047 3063 5125 accepimuu
3088 5044 3178 5106 ita
3214 5042 3384 5104 enim
3430 5047 3667 5106 censet

2092 5137 2455 5216 simpliciter
2494 5155 2634 5200 esse
2668 5135 3007 5218 legendum
3030 5179 3055 5214 ,
3092 5142 3163 5198 ut
3188 5151 3411 5198 sensus
3438 5135 3557 5210 sit,
3588 5151 3665 5194 ex

2090 5230 2483 5310 plenitudine
2515 5231 2739 5296 Christi
2788 5231 3105 5311 accepisse
3138 5245 3278 5302 nos,
3308 5245 3441 5292 non
3482 5226 3659 5292 hanc

2087 5325 2191 5386 vel
2234 5325 2404 5386 illam
2453 5327 2746 5406 gratiam,
2789 5325 2903 5389 sed
2944 5323 3309 5403 simpliciter
3338 5317 3657 5400 quidquid

2086 5417 2241 5482 boni
2284 5421 2627 5499 accipimus
2648 5463 2671 5495 ,
2718 5418 2891 5500 quod
2916 5418 3003 5480 ad
3029 5417 3297 5482 salutem
3322 5414 3649 5482 center-etz

2088 5520 2307 5594 postea
2342 5533 2491 5578 vero
2520 5513 2812 5579 additur-2
2842 5513 2937 5580 Et
2962 5513 3234 5596 qratiam
3257 5519 3371 5591 p'ro
3410 5509 3647 5590 gratia,
