3892 6167
1389 381 1706 438 nlsPU'rxr.
1743 381 1820 438 Li.
1855 383 2025 437 SECT.
2062 385 2123 438 ΙΙ.

3230 375 3349 436 549

112 492 284 551 dem
339 487 626 552 mirabile
674 492 769 547 est
820 501 1005 565 posse
1055 484 1340 563 spiritum
1391 481 1700 558 subjicere
1787 479 1988 542 Deum
2019 481 2357 554 erectione,
2384 477 2811 542 sublevatione
2842 483 3029 558 atque
3073 478 3346 539 devotio-

109 603 367 664 corpus
414 599 602 644 suum
649 577 730 642 ad
757 579 956 640 Deum
986 574 1408 651 adorandum,
1457 580 1520 635 et
1567 591 1697 634 non

107 695 320 756 posse
381 677 658 758 seipsum
714 671 1024 752 subjicere
1086 676 1150 732 et
1206 667 1574 730 submittere
1615 664 1696 727 ad

107 771 434 833 eumdem
459 771 660 832 Deum
686 765 1080 829 adorandum
1099 809 1121 841 ,
1163 779 1304 825 cum
1334 762 1412 824 sit
1438 759 1696 841 purissi-

103 884 267 926 mus
293 863 570 944 spiritus
597 863 799 942 Atque
825 859 973 922 hinc
1000 857 1250 938 probari
1271 854 1546 916 secundo
1571 853 1692 913 hoc

103 961 336 1036 potest
367 975 444 1018 ex
470 956 618 1036 ipsis
663 952 870 1015 verbis
895 950 1156 1024 Christi,
1188 947 1358 1028 quod
1409 944 1690 1009 adoratio

103 1053 224 1111 Dei
261 1068 410 1112 esse
440 1048 628 1112 debet
654 1048 724 1110 in
746 1045 977 1128 spiritu
1000 1050 1054 1109 ct
1080 1043 1371 1111 veritum
1392 1040 1537 1122 quia
1557 1045 1688 1101 tam

98 1145 360 1206 veritas
382 1159 572 1222 quam
602 1141 762 1204 actio
789 1139 1041 1220 spiritus
1067 1141 1272 1217 potest
1303 1151 1434 1195 esse
1461 1133 1524 1194 in
1553 1132 1686 1193 solo

99 1238 386 1316 spiritu,
412 1253 562 1314 ergo
585 1233 649 1295 in
680 1252 754 1295 eo
783 1249 920 1294 esse
947 1235 1152 1314 potest
1174 1226 1454 1290 adoratio
1479 1227 1540 1286 10
1565 1224 1689 1305 spi-

93 1332 235 1392 ritu
273 1337 344 1392 et
370 1331 653 1391 veritate.
699 1325 908 1388 Tertio
950 1323 1212 1386 tandem
1251 1339 1327 1383 ex
1368 1317 1685 1382 communi

97 1425 501 1485 Sanctorum
540 1419 966 1503 expositione3
1007 1416 1223 1479 dicunt
1271 1414 1438 1476 enim
1483 1415 1682 1474 Deum

94 1517 374 1578 adorari
405 1517 468 1577 in
495 1513 716 1596 spiritu
769 1519 830 1575 et
875 1513 1137 1574 veritate
1157 1555 1176 1586 ,
1212 1507 1465 1589 quando
1493 1507 1684 1567 virtu-

98 1620 246 1672 tum
289 1608 557 1684 actibuS‚
589 1605 938 1689 praesertim
960 1603 1135 1679 fidei,
1165 1603 1302 1683 spei
1327 1608 1390 1665 et
1415 1601 1683 1663 charita-

99 1707 201 1781 tis,
237 1703 518 1779 colitur,
561 1709 628 1763 ut
672 1707 844 1784 patet
887 1719 965 1762 ex
1007 1699 1324 1778 chrysost.
1359 1701 1423 1758 et
1451 1693 1680 1774 Cyrillo

95 1818 318 1879 super
349 1799 385 1860 J
391 1816 562 1870 oan.;
597 1795 855 1871 HilariO,
887 1797 924 1856 2
954 1793 1034 1856 de
1077 1793 1248 1854 Trin.
1267 1807 1289 1869 3
1325 1788 1676 1863 Ambrosie,

93 1893 210 1952 lib.
255 1895 304 1954 3
333 1891 412 1953 de
449 1891 679 1972 Spiritu
719 1892 973 1962 Sancte,
1018 1907 1075 1949 0.
1111 1887 1216 1960 13;
1255 1885 1579 1955 Α1110005.,
1613 1897 1674 1958 q.

96 1987 206 2062 39,
250 1986 340 2045 ad
371 1983 766 2047 Antiochum.
797 1983 924 2044 Nec
955 1981 1164 2043 dicere
1186 1993 1524 2060 possumus
1563 1976 1678 2036 hos

95 2081 339 2140 Patres
375 2077 547 2158 loqui
572 2075 910 2159 improprie
935 2080 1046 2137 aut
1063 2075 1236 2154 large
1261 2071 1340 2134 de
1367 2069 1680 2132 adoratio-

95 2193 206 2247 ne,
269 2177 336 2234 et
371 2189 496 2232 non
549 2175 735 2252 prout
785 2169 1095 2252 significat
1126 2163 1397 2247 speciale
1445 2181 1677 2226 munus

95 2266 467 2348 religioniS,
496 2264 611 2325 nisi
641 2263 904 2326 velimus
932 2261 1112 2324 fateri
1145 2277 1255 2322 005
1273 2259 1608 2322 recessisse
1638 2275 1676 2318 a

93 2358 368 2440 proprio
413 2365 476 2419 et
509 2357 764 2420 litterali
805 2374 993 2417 sensu
1049 2353 1384 2416 verborum
1429 2349 1672 2426 Christi,

95 2471 252 2532 quae
287 2453 366 2512 de
388 2449 638 2531 propria
668 2448 1033 2511 adoratione
1060 2445 1420 2510 necessario
1450 2444 1675 2505 intelli-

97 2545 326 2626 genda
357 2552 521 2607 sunt.
553 2543 710 2608 Nam
741 2543 1132 2606 Samaritana
1158 2541 1238 2602 de
1264 2540 1370 2601 illa
1393 2545 1676 2600 moverat

97 2642 526 2720 quaestionem
549 2684 567 2714 ,
598 2657 746 2700 nam
777 2638 947 2699 illam
980 2633 1355 2704 exercebant
1378 2630 1578 2696 Judaei
1607 2632 1669 2691 in

95 2739 328 2794 monte
370 2733 542 2808 Sion,
577 2731 954 2794 Samaritani
995 2746 1146 2791 vero
1199 2729 1261 2789 in
1311 2731 1524 2787 monte
1555 2723 1674 2786 Ga-

96 2829 308 2890 rizim.
330 2827 440 2888 Est
463 2845 614 2907 ergo
638 2827 771 2889 hoec
792 2825 1045 2898 veritas,
1067 2829 1138 2884 ut
1157 2822 1441 2884 existimo
1446 2866 1467 2897 ,
1489 2817 1670 2881 valde

95 2922 452 2984 conformis
473 2920 808 3001 Scripturis
835 2919 1049 2981 sacris·

181 3018 287 3077 14.
319 3018 526 3096 Atque
551 3015 694 3076 hinc
717 3014 904 3075 etiam
930 3016 1175 3074 constat
1195 3013 1509 3092 sumptam
1528 3026 1666 3070 esse

93 3111 438 3172 veritatem
466 3109 628 3170 hanc
650 3125 726 3169 ex
746 3106 1066 3169 communi
1083 3103 1333 3168 Patrum
1355 3103 1664 3178 doctrina,

97 3204 465 3282 praesertim
497 3201 852 3282 Augustini,
886 3201 1068 3280 cujus
1093 3198 1347 3278 egregia
1392 3202 1539 3258 sunt
1562 3197 1668 3258 illa

95 3296 324 3373 verba,
357 3294 467 3357 lib.
493 3299 572 3358 10
599 3295 677 3356 de
705 3295 878 3356 civit.
888 3338 909 3371 ,
933 3312 986 3355 c.
1018 3295 1060 3352 A
1090 3313 1106 3354 ε
1139 3293 1231 3355 Ei
1251 3291 1670 3372 sacrificamus

95 3391 372 3452 hostiam
403 3387 767 3452 humilitatis
787 3385 1064 3450 citandis
1085 3385 1153 3446 in.
1177 3401 1290 3447 ara
1313 3383 1510 3446 cordis
1534 3382 1670 3464 ique

93 3483 367 3561 fervidae
395 3481 741 3546 charitatis.
781 3479 888 3541 His
921 3477 1084 3540 addo
1120 3477 1401 3540 Damaso.
1425 3522 1444 3552 ,
1488 3475 1594 3538 lib.
1630 3481 1668 3538 4

95 3578 176 3638 cle
207 3577 391 3652 Fide,
424 3594 480 3638 c.
516 3577 615 3649 13,
647 3575 959 3636 dicentem
987 3595 1002 3633 ι
1041 3571 1200 3648 Quia
1228 3569 1553 3635 mvisibili
1575 3571 1668 3633 si-

93 3671 234 3734 mul
252 3677 310 3734 et
335 3668 630 3734 invisibili
651 3673 878 3734 natura
897 3671 1258 3742 constamus,
1284 3662 1513 3744 duplici
1529 3681 1669 3746 quo-

93 3783 212 3846 qne
253 3763 511 3844 proinde
563 3762 941 3826 adorationis
987 3777 1196 3841 qaaere
1242 3758 1422 3820 illum
1465 3774 1669 3820 rerum

93 3855 374 3920 omnium
413 3859 728 3938 parentem
771 3858 830 3917 et
876 3853 1268 3918 architectum
1315 3849 1622 3930 afficimus
1651 3896 1665 3924 ‚

93 3949 598 4042 quemadmodum
625 3947 898 4012 videlicet
922 3953 978 4012 ct
1002 3951 1192 4010 mente
1219 3950 1274 4007 et
1295 3946 1562 4027 corporis
1581 3943 1667 4007 la-

95 4042 226 4104 biis
241 4041 598 4122 psallimus,
616 4047 734 4104 etc.
753 4041 915 4122 Ergo
937 4090 951 4116 ,
982 4057 1059 4101 ex
1087 4039 1396 4100 sententia
1416 4039 1667 4100 Damas-

93 4135 272 4206 ceni‚
303 4153 433 4195 non
452 4141 692 4196 tuntum
718 4135 850 4196 solo
871 4151 1156 4214 corpore,
1184 4131 1297 4194 sed
1317 4131 1506 4193 etiam
1533 4131 1663 4192 solo

95 4228 355 4308 spiritu,
392 4247 723 4309 possumus
749 4229 944 4289 Deum
977 4227 1264 4289 adorare.
1303 4225 1430 4288 Nec
1458 4229 1666 4306 potest

97 4321 342 4400 exponi
393 4322 470 4384 de
522 4321 887 4384 adoratione
940 4321 1284 4402 impropria
1340 4326 1450 4382 aut
1493 4319 1669 4400 large

97 4421 396 4495 sumpta3
430 4423 670 4478 constat
723 4415 890 4477 enim
917 4434 994 4478 ex
1021 4415 1199 4477 titulo
1232 4419 1296 4476 et
1325 4414 1668 4476 intent10ne

99 4529 174 4570 ca
183 4509 358 4590 pitis,
409 4509 486 4570 de
526 4509 778 4590 propria
821 4507 1187 4570 adoratione
1243 4526 1380 4570 esse
1433 4526 1671 4569 sermo-

99 4621 281 4687 nem.
313 4605 533 4682 Neque
581 4604 769 4664 etiam
810 4609 1024 4684 posset
1059 4601 1238 4663 aliter
1283 4601 1671 4682 spiritualem

97 4697 544 4758 adorationem
573 4715 609 4757 a
639 4696 945 4777 corporali
974 4696 1386 4776 distinguere,
1413 4695 1529 4756 nisi
1557 4712 1672 4778 per

95 4789 498 4873 spiritualem
525 4789 932 4870 intelligendo
963 4807 1128 4866 eam,
1145 4807 1283 4868 quae
1303 4789 1366 4849 10
1393 4791 1527 4851 5010
1551 4779 1672 4871 spi·

95 4887 232 4950 ritu
260 4891 766 4960 consummatur,
795 4903 938 4949 cum
963 4883 1139 4946 nulla
1165 4884 1247 4946 sit
1273 4903 1422 4946 vera
1448 4883 1672 4946 adora-

99 4983 216 5050 tio,
271 4997 411 5059 quae
450 4977 581 5042 solo
634 4997 895 5060 corpore
927 4983 1212 5041 constare
1243 4977 1458 5060 possit.
1490 4977 1668 5040 Unde

100 5091 406 5154 expresse
430 5071 599 5134 illam
623 5071 1027 5154 partitionem
1053 5079 1374 5151 comparat
1403 5091 1544 5134 cum
1577 5073 1672 5133 di-

100 5165 352 5230 visione
382 5165 679 5248 orationis
699 5166 762 5228 in
784 5165 1124 5230 mentalem
1155 5172 1219 5229 et
1242 5165 1544 5228 vocalem.
1567 5165 1671 5227 At-

103 5278 236 5340 que
277 5257 423 5319 hinc
467 5259 871 5322 Clichtovaeus
905 5259 993 5322 ibi
1034 5259 1424 5340 corporalem
1452 5257 1672 5318 adora·

105 5355 350 5416 tionem
377 5351 521 5414 dicit
552 5370 686 5415 esse
715 5351 888 5416 illam
933 5371 1074 5434 quae
1103 5351 1174 5415 fit
1204 5352 1668 5432 genuflexione,

104 5463 422 5510 manuum
459 5444 539 5510 ad
568 5447 800 5510 coelum
845 5446 1272 5528 protensione,
1304 5451 1465 5524 etc.;
1495 5447 1670 5526 spiri-

109 5539 348 5610 tuatem
393 5544 602 5608 autem
651 5559 789 5622 quie
818 5539 884 5605 fit
932 5541 1118 5612 animi
1174 5540 1400 5612 affectu
1430 5585 1444 5614 ,
1495 5547 1552 5615 et
1589 5539 1670 5602 ad

1779 591 1882 637 ne.
1909 573 1987 639 Et
2012 573 2180 636 hanc
2224 573 2372 637 dicit
2405 571 2694 636 docuisse
2728 571 3039 634 Christum
3068 573 3343 635 Samari-

1779 673 2019 745 tanam‚
2042 669 2227 732 Joan.
2255 672 2320 729 4.

1859 764 1957 824 15.
2004 763 2255 834 Ultimo,
2301 761 2647 842 adjungere
2676 777 3009 840 possumus
3034 759 3333 821 rationes,

1775 855 1981 916 Prima
2022 861 2083 916 et
2117 875 2153 915 a
2196 853 2388 936 priori
2416 855 2517 930 sit,
2553 855 2721 936 quia,
2774 855 2934 915 sicut
2957 852 3153 914 virtus
3186 852 3337 913 reli-

1773 949 2002 1029 gioniS,
2041 951 2310 1011 existens
2336 950 2401 1011 in
2430 951 2772 1019 voluntate.
2814 951 3009 1011 utitur
3034 947 3335 1009 membris

1771 1045 2053 1123 corporis
2092 1061 2209 1124 per
2245 1043 2517 1124 aliquem
2551 1049 2792 1106 motum
2822 1061 3039 1105 eorum
3070 1042 3151 1103 ad
3182 1041 3337 1102 ado-

1768 1139 2040 1200 randum
2070 1139 2289 1214 Deum,
2316 1140 2406 1200 ita
2435 1145 2636 1220 potest
2658 1139 2743 1201 uti
2769 1139 2916 1219 ipsis
2935 1137 3331 1200 facultatibus

1771 1236 2013 1309 unimae,
2066 1233 2287 1296 mediis
2336 1233 2650 1314 aliquibus
2700 1234 2940 1294 actibus
2988 1251 3206 1293 earum
3250 1231 3331 1292 ad

1768 1328 1936 1391 idem
1974 1347 2205 1390 munus
2250 1327 2550 1391 adorandi
2601 1328 2842 1401 Deum3
2887 1345 3037 1406 ergo
3067 1325 3331 1388 affectus

1767 1421 2145 1484 adorationis
2192 1427 2396 1504 potest
2435 1421 2794 1486 immediate
2835 1421 3059 1484 cadere
3102 1421 3167 1482 in
3218 1421 3329 1481 ali·

1766 1535 1955 1594 quem
1984 1523 2191 1578 actum
2222 1518 2470 1591 animae,
2504 1519 2663 1579 sicut
2691 1518 2756 1578 in
2785 1524 2994 1580 actum
3024 1515 3325 1600 corporis,

1763 1616 2067 1690 tanquam
2094 1612 2160 1672 in
2188 1611 2537 1690 proximam
2562 1611 2897 1671 materiam
2924 1615 2987 1670 et
3008 1607 3324 1688 objectum

1763 1723 1951 1764 suum
1976 1723 1991 1777 ;
2031 1723 2181 1786 ergo
2204 1709 2411 1785 potest
2437 1721 2587 1764 vera
2616 1703 2777 1764 ratio
2806 1701 3191 1764 adorationis
3220 1719 3325 1762 re-

1761 1795 1955 1877 periri
1980 1797 2047 1859 in
2072 1803 2216 1860 actu
2252 1799 2478 1859 animae
2504 1844 2519 1872 ,
2564 1798 2725 1859 sicut
2753 1798 2816 1859 in
2846 1803 2987 1858 actu
3019 1794 3320 1874 corporis,

1758 1891 1959 1972 Major
1998 1891 2085 1953 510
2117 1889 2467 1953 ostenditur
2489 1936 2504 1965 ‚
2546 1909 2694 1952 nam
2738 1887 3049 1970 imprimis
3083 1893 3324 1950 certum

1759 1989 1875 2060 est,
1905 1985 2199 2046 virtutem
2218 2001 2407 2044 unam
2434 2001 2613 2064 posse
2638 1983 2953 2064 imperare
2976 1988 3151 2044 actus
3177 1981 3324 2043 alia·

1757 2096 1900 2140 rum
1950 2079 2247 2140 virtutum
2301 2078 2489 2140 etiam
2542 2077 3062 2158 Theologicarum
3110 2077 3175 2138 in
3218 2094 3322 2138 or-

1757 2173 1902 2235 dine
1928 2171 2010 2234 ad
2035 2190 2221 2234 suum
2244 2171 2438 2234 finem
2465 2189 2576 2234 seu
2596 2172 2925 2248 motivum,
2958 2169 3211 2249 quando
3231 2171 3320 2232 illi

1759 2269 1903 2328 sunt
1931 2265 2386 2345 proportionati
2413 2270 2475 2327 et
2498 2262 2984 2337 accommodam
3014 2262 3102 2324 sic
3123 2263 3327 2344 poeni-

1758 2359 1952 2422 tentia
1984 2359 2192 2421 medio
2224 2359 2449 2420 affectu
2494 2357 2912 2420 satisfaciendi
2956 2358 3083 2418 Deo
3112 2363 3325 2418 movet

1757 2452 2121 2514 charitatem
2169 2452 2252 2514 ad
2298 2450 2642 2514 amandum
2686 2451 2918 2532 ipsum,
2944 2457 3027 2527 et,
3067 2455 3323 2530 propter

1751 2547 1963 2628 ipsum
1985 2546 2304 2619 dilectum,
2333 2545 2771 2607 detestandum
2792 2550 3143 2625 peccatum,
3174 2544 3319 2623 quia

1753 2641 1854 2703 hic
1882 2647 2061 2703 actus
2083 2647 2177 2702 est
2200 2639 2290 2702 illi
2309 2639 2419 2700 fini
2445 2644 2509 2700 et
2532 2639 2764 2699 motivo
2788 2637 3313 2720 proportionatus;

1756 2737 1843 2798 sic
1885 2737 2076 2798 etiam
2106 2733 2325 2814 religio
2361 2731 2707 2795 castitatem
2758 2731 2938 2794 offert
2974 2732 3036 2792 in
3080 2731 3317 2793 cultum

1753 2831 1898 2904 Dei,
1946 2830 2101 2891 dum
2130 2832 2313 2890 vovet
2344 2827 2518 2889 illam
2535 2871 2559 2904 ,
2604 2827 2752 2904 quia
2782 2829 2877 2887 est
2903 2825 3183 2888 medium
3213 2842 3317 2886 ac-

1753 2923 2244 2996 commodatum,
2293 2929 2362 2984 ut
2408 2927 2575 2984 totus
2624 2921 2815 2982 homo
2864 2919 3061 3000 possit
3106 2919 3315 2981 divino

1751 3018 1945 3080 cultui
1987 3018 2203 3079 dicari.
2252 3017 2345 3078 Ex
2378 3017 2497 3077 hoc
2532 3033 2681 3095 ergo
2726 3015 2929 3096 capite
2966 3033 3096 3076 non
3134 3033 3315 3096 repu-

1749 3111 1991 3191 gnabit,
2021 3109 2392 3190 religionem
2414 3110 2502 3170 uti
2527 3115 2669 3170 actu
2692 3108 2947 3170 alterius
2972 3107 3212 3170 virtutis
3236 3108 3316 3170 ad

1749 3204 2083 3268 colendum
2128 3203 2350 3278 Deum,
2405 3221 2481 3264 ex
2522 3221 2623 3278 eo,
2672 3202 2927 3276 scilicet,
2978 3202 3149 3282 quod
3192 3201 3316 3266 sint

1749 3299 2009 3360 virtutes
2044 3295 2343 3358 distinctae
2376 3295 2624 3373 specie,
2663 3295 2848 3374 quia,
2887 3293 3031 3354 licet
3059 3293 3179 3355 hoc
3208 3293 3316 3354 ob·

1751 3393 1872 3452 stet
1910 3395 1981 3450 ut
2026 3396 2201 3451 actus
2250 3388 2437 3448 unius
2478 3387 2679 3468 possit
2714 3387 2795 3448 ab
2826 3387 2949 3447 alia
2986 3386 3146 3462 01101,
3184 3405 3313 3450 000

1750 3491 1964 3547 tamen
2014 3487 2084 3544 ut
2128 3482 2322 3562 possit
2361 3481 2700 3560 imperari,
2750 3485 2813 3541 et
2856 3489 3317 3558 consequenter

1749 3576 1949 3657 possst
1990 3580 2167 3637 actus
2209 3574 2392 3634 unius
2436 3591 2575 3635 esse
2618 3573 2881 3634 materia
2921 3572 3087 3634 circa
3121 3591 3315 3653 quam

1751 3677 1926 3733 actus
1956 3669 2211 3732 alterius
2236 3673 2542 3730 versatur.
2575 3667 2673 3729 Sic
2700 3685 2850 3748 ergo
2877 3667 3141 3728 affectus
3165 3665 3310 3728 ado«

1750 3765 2033 3841 rationis,
2082 3763 2191 3844 qui
2238 3767 2333 3824 est
2379 3768 2557 3823 actus
2604 3780 2643 3822 a
2689 3759 2995 3842 religione
3045 3760 3306 3836 elicitus,

1749 3857 1986 3920 versari
2018 3856 2244 3937 poterit
2274 3855 2439 3917 circa
2468 3860 2677 3916 actum
2702 3853 2887 3924 fidei,
2919 3853 3017 3914 vel
3046 3854 3311 3915 charita-

1750 3953 1830 4014 tis
1855 3999 1870 4026 ,
1915 3954 2026 4012 aut
2054 3949 2319 4022 simileS,
2364 3967 2492 4009 non
2525 3947 2643 4008 sub
2670 3945 2939 4027 propriis
2967 3945 3312 4008 rationibus

1748 4043 1993 4106 illarum
2020 4043 2342 4114 virtutum,
2377 4040 2489 4102 sed
2517 4040 2721 4102 solum
2751 4045 2819 4099 01
2846 4045 2994 4102 5001
3019 4037 3306 4110 materia,

1748 4143 1812 4199 01
1826 4135 2005 4218 quasi
2024 4136 2437 4198 instrumenta
2457 4140 2595 4213 apta
2621 4133 2699 4194 ad
2724 4131 3059 4194 colendum
3080 4133 3305 4195 Deum.

1747 4233 1821 4292 Et
1849 4229 2255 4292 confirmatur
2281 4274 2297 4303 ,
2340 4246 2490 4290 nam
2516 4227 2806 4289 voluntas
2835 4232 3042 4307 potest
3068 4230 3307 4288 motum

1750 4325 1931 4408 pedis
1970 4324 2072 4385 vel
2119 4341 2347 4384 manus
2394 4322 2476 4384 ad
2520 4321 2687 4383 11000
2728 4319 2922 4382 finem
2964 4320 3258 4383 ordinare
3293 4342 3308 4396 ;

1753 4439 1904 4502 ergo
1944 4419 2135 4484 etiam
2178 4424 2384 4482 motus
2421 4416 2769 4481 intellectus
2810 4417 2908 4480 vel
2949 4415 3312 4479 voluntatis.

1752 4517 1934 4588 Nam,
1983 4513 2154 4594 quod
2198 4514 2261 4572 in
2307 4517 2449 4573 actu
2490 4511 2771 4592 corporis
2814 4528 2928 4592 per
2966 4529 3033 4572 se
3070 4517 3320 4592 sumpto

1753 4625 1880 4669 non
1925 4605 2005 4668 sit
2045 4605 2257 4686 aliq-ua
2295 4606 2452 4668 ratio
2486 4605 2771 4681 virtutis,
2816 4605 2883 4664 iu
2923 4609 3069 4665 actu
3105 4607 3315 4664 autem

1753 4699 2105 4762 intellectus
2128 4699 2227 4760 vel
2252 4698 2591 4761 voluntatis
2613 4697 2690 4758 sit
2714 4697 2923 4776 aliqua
2946 4697 3105 4757 ratio
3126 4697 3318 4758 virtu-

1751 4793 1830 4855 tis
1870 4791 2345 4870 intellectualia,
2383 4791 2484 4852 vel
2519 4791 2821 4854 effectivae
2843 4835 2864 4865 ,
2894 4788 3314 4869 Theologali8‚

1755 4886 1852 4948 vel
1880 4885 2177 4965 moraliS,
2214 4903 2341 4948 000
2370 4885 2661 4966 impedit,
2708 4883 2834 4944 imo
2857 4884 3083 4964 juvare
3108 4889 3319 4964 potest

1752 4979 1832 5041 ad
1861 4981 2038 5041 illum
2069 4979 2287 5058 finem,
2320 4986 2388 5040 01
2409 4979 2541 5060 jam
2571 4979 2799 5039 dicam.

1837 5075 1932 5136 ⁴6.
1986 5072 2203 5136 Solum
2254 5076 2541 5154 superest
2588 5069 3009 5151 probandum,
3060 5070 3122 5131 in
3174 5077 3317 5132 actu

1753 5168 2035 5230 interiori
2090 5185 2277 5249 posse
2328 5185 2463 5228 esse
2518 5164 2931 5226 sufficientem
2966 5163 3316 5244 proportio-

1751 5281 1898 5323 nem
1920 5261 2002 5323 ad
2028 5280 2173 5324 eum
2200 5261 2435 5338 finem3
2466 5259 2587 5320 hoc
2613 5261 2826 5320 autem
2848 5257 3029 5318 facile
3056 5255 3316 5316 demon-

1750 5361 1979 5419 stratur
2018 5355 2082 5419 in
2124 5355 2294 5420 hunc
2323 5352 2601 5417 modum.
2646 5353 2801 5414 Nam
2836 5358 3009 5414 actus
3043 5350 3318 5410 exterior

1751 5449 1957 5512 induit
2008 5449 2317 5512 rationem
2373 5446 2755 5508 adorationis
2777 5491 2792 5522 ‚
2856 5449 3165 5526 quatenus
3220 5449 3317 5504 est

1755 5549 1900 5612 nota
1935 5541 2033 5608 vel
2074 5543 2320 5617 signum
2356 5539 2787 5606 submissionis
2818 5545 2873 5600 et
2904 5537 3163 5601 honoris
3188 5583 3203 5614 ,
3247 5544 3315 5602 ut
