3892 6167
1254 352 1575 409 niseum.
1610 352 1778 405 κων.
1809 351 1983 405 secr.
2020 356 2057 405 ι.
3136 348 3255 413 alls

153 481 200 539 in
223 476 426 537 natura,
457 464 516 525 et
554 476 664 540 per
709 456 1112 536 adoptionem
1153 454 1420 517 addatur
1443 470 1616 530 quoe-
1695 452 2035 531 loquimur.
2064 452 2363 515 Similiter
2392 453 2461 513 in
2486 453 2607 515 hoc
2630 470 2845 530 sensu,
2872 453 3169 533 Christus,
3190 458 3257 519 in

155 571 264 631 dam
283 556 574 639 aequalitas
595 554 659 613 in
682 556 870 623 statu,
903 548 1142 611 honore
1185 566 1262 609 ae
1291 546 1619 609 haeredita-
1695 550 2007 623 quantum
2036 546 2249 618 homo,
2286 562 2413 607 non
2454 551 2550 609 est
2574 546 2769 609 Filius
2790 548 2902 611 Dei
2930 548 3256 626 naturalis,

152 660 370 737 riojure,
394 666 460 714 eo
483 646 612 709 fere
631 642 819 705 modo
845 658 972 720 quo
1000 640 1156 703 solet
1181 640 1354 701 illam
1381 640 1617 701 habere
1699 643 2012 717 quatenus
2042 641 2175 701 haec
2222 640 2439 702 filiatio
2470 640 2791 719 consurgit
2827 658 2943 721 per
2998 660 3259 723 genera-

151 754 276 815 filius
307 740 621 811 naturalis,
672 739 1166 797 consentaneum
1231 738 1325 795 est
1368 740 1438 795 ut
1477 732 1617 795 talis

151 840 348 920 adoptio
387 834 732 899 servitutem
791 830 1136 890 humanam
1192 826 1496 907 expellat3
1555 830 1620 887 et

153 940 280 1001 idem
298 933 408 995 fere
431 933 521 991 est
544 926 624 989 de
651 924 900 999 vinculo
935 921 1238 1003 conjugii,
1267 921 1415 983 facit
1453 920 1620 981 enim

155 1034 276 1095 inter
313 1022 588 1103 conjuges
651 1016 990 1098 quamdam
1043 1013 1508 1095 aequalitatem,
1562 1018 1624 1075 et

155 1125 258 1187 ideo
281 1118 472 1181 merito
495 1114 856 1177 relationem
879 1110 1194 1173 servitutis
1223 1108 1406 1169 unius
1427 1107 1511 1169 ad
1539 1106 1624 1169 al-

151 1224 300 1281 terum
327 1207 610 1287 excludit3
639 1222 1004 1285 quanquam
1029 1209 1242 1283 posset
1279 1202 1470 1263 etiam
1510 1200 1624 1261 ha·

149 1328 251 1373 rum
271 1308 458 1385 legum
474 1302 592 1364 alia
617 1300 774 1363 ratio
799 1297 1002 1373 reddi,
1029 1314 1220 1376 quam
1249 1294 1412 1358 infra
1439 1294 1622 1355 attin-

149 1420 272 1485 gam.
290 1402 356 1461 At
379 1412 517 1459 vero
539 1392 790 1473 adoptio
823 1391 1036 1453 divina
1067 1390 1236 1451 nullo
1265 1388 1454 1453 modo
1474 1387 1622 1449 facit

147 1497 294 1559 tilium
318 1495 432 1553 Deo
453 1486 778 1569 aewalem,
803 1485 914 1547 sed
935 1483 1236 1562 relinquit
1261 1482 1624 1543 interiorem

147 1610 196 1653 ac
219 1584 515 1657 subditum,
547 1586 874 1659 totumque
913 1578 1032 1640 sub
1069 1579 1382 1657 potestate
1409 1576 1526 1639 Dei
1554 1582 1624 1637 ut

147 1680 358 1761 supremi
399 1676 626 1739 domini
679 1672 1116 1749 constitutum3
1161 1676 1224 1733 et
1261 1669 1486 1733 eadem
1523 1686 1624 1729 ra·-

145 1779 272 1839 tione
293 1772 632 1835 maternitas
659 1767 872 1830 divina
903 1784 1038 1828 non
1089 1762 1366 1827 excludit
1410 1778 1626 1825 veram

145 1866 396 1933 servitutis
421 1880 530 1927 seu
557 1862 798 1925 ancilla
833 1859 1165 1934 rationem,
1195 1856 1344 1937 quia
1374 1874 1627 1935 semper

143 1967 306 2027 manet
325 1974 574 2039 persona
593 1955 852 2019 omnino
879 1952 1171 2024 infer-ion
1193 1949 1464 2013 maxime
1481 1966 1624 2011 cum

145 2076 236 2119 non
270 2056 336 2117 sit
361 2058 552 2115 mater
585 2051 698 2111 Dei
747 2055 816 2111 ut
859 2046 998 2124 Dei,
1051 2045 1164 2109 sed
1220 2050 1292 2106 ut
1326 2041 1619 2105 hominis.

141 2154 284 2215 Juxta
305 2149 452 2209 hanc
477 2161 626 2206 vero
653 2142 942 2223 regulam
987 2140 1198 2201 verius
1247 2138 1623 2218 colligimus,

145 2248 285 2308 etiam
325 2238 941 2303 communicationem
985 2232 1300 2295 bonorum
1352 2231 1464 2293 Dei
1513 2248 1630 2309 per

145 2339 382 2399 unionem
401 2331 854 2414 hypostaticam
883 2344 1016 2389 non
1043 2325 1380 2389 excludere
1401 2342 1438 2384 a
1457 2323 1628 2389 Chri-

145 2440 212 2495 sto
235 2438 290 2493 ut
311 2427 556 2498 homine
577 2443 798 2489 veram
827 2430 890 2487 et
917 2422 1230 2503 propriam
1259 2420 1626 2481 relationem

143 2544 227 2589 seu
255 2520 804 2587 denominationem
857 2516 1194 2579 servitutis.
1251 2516 1434 2589 Nam,
1483 2514 1630 2575 licet

143 2618 436 2681 humanitas
459 2616 654 2689 unita,
685 2614 766 2675 sit
793 2613 1058 2691 ipsamet
1085 2609 1408 2673 divinitate
1451 2624 1627 2669 sanc-

145 2714 339 2786 tificata,
357 2716 558 2773 tamen
585 2724 720 2769 non
754 2713 850 2769 est
877 2706 1100 2769 effecta
1130 2701 1388 2782 aequalis
1407 2700 1628 2762 divini-

145 2808 242 2881 tati,
269 2822 452 2883 neque
479 2820 662 2882 seque
689 2806 912 2863 sancta
939 2804 1004 2861 et
1031 2796 1346 2861 excellens
1381 2812 1456 2855 ac
1495 2794 1628 2873 ipsa

143 2900 372 2961 divinitas
386 2920 404 2973 3
455 2914 631 2976 ergo,
675 2912 807 2957 non
867 2893 1154 2955 obstante
1207 2889 1468 2961 unione,
1495 2905 1628 2949 ma·

143 3000 222 3055 net
253 2994 310 3053 in
334 3008 400 3055 ea
429 2990 748 3053 sufficiens
799 2986 1304 3057 fundamentum,
1335 3000 1452 3043 seu
1479 2998 1628 3041 con-

143 3086 254 3149 ditio
276 3092 337 3146 ut
373 3100 616 3147 servum
655 3081 1018 3145 constituat.
1045 3077 1158 3139 Vel
1209 3076 1390 3137 aliter
1433 3074 1530 3156 (et
1565 3074 1631 3135 in

140 3180 270 3241 idem
292 3180 460 3257 redit)
482 3178 766 3241 Christus
803 3182 872 3237 ut
896 3173 1086 3235 homo
1114 3188 1242 3232 non
1267 3172 1358 3231 est
1380 3167 1633 3247 aequalis

141 3274 254 3347 Deo,
279 3273 378 3335 sed
403 3271 607 3336 minor
633 3278 702 3333 et
723 3268 1002 3341 inferior,
1034 3271 1104 3327 ut
1132 3269 1306 3344 patet
1339 3280 1416 3325 ex
1442 3262 1626 3323 Joan.

141 3370 214 3440 14,
235 3374 286 3429 et
309 3384 482 3445 supra
521 3364 764 3427 dictum
795 3368 928 3434 est;
973 3376 1124 3439 ergo
1173 3376 1250 3421 ex
1277 3356 1339 3419 vi
1381 3354 1632 3417 unionis

139 3478 235 3520 nou
254 3460 314 3521 fit
345 3458 640 3531 christae,
673 3463 745 3519 ut
777 3456 994 3531 home,
1025 3454 1292 3532 incapax
1319 3447 1632 3513 servitutis

139 3554 196 3613 ad
216 3554 402 3616 Deum.

195 3651 274 3709 34.
301 3649 368 3709 Et
395 3646 806 3711 confirmatur
837 3660 910 3707 ac
931 3640 1306 3715 declaratur,
1325 3656 1474 3699 nam
1502 3642 1632 3699 tota

139 3740 216 3801 illa
261 3740 730 3803 communicatio
767 3738 1104 3813 bonorum,
1137 3750 1276 3814 quse
1321 3736 1416 3795 est
1472 3731 1635 3793 inter

137 3834 388 3899 Christum
411 3836 846 3910 uthominem,
865 3839 930 3895 et
959 3834 1178 3904 Deum,
1209 3846 1336 3891 non
1366 3833 1460 3889 est
1490 3844 1634 3888 cum

138 3931 454 4008 equalitate,
485 3930 602 3993 sed
660 3944 808 3991 cum
861 3926 1138 4005 quadam
1188 3921 1628 3993 inferioritate3

137 4040 250 4101 ergo
271 4040 390 4087 non
413 4030 505 4089 est
533 4042 650 4085 cur
675 4019 936 4085 omnino
965 4016 1246 4081 servituti
1295 4018 1628 4094 repugnet.

135 4116 466 4181 Antecedens
497 4122 696 4198 patet,
717 4112 1122 4177 discurrendo
1142 4128 1256 4191 per
1285 4108 1494 4171 omnia
1519 4108 1634 4169 bo—

135 4228 194 4271 na
217 4211 380 4291 hujus
419 4209 1033 4281 communicationis,
1065 4205 1215 4285 quia
1244 4203 1522 4266 Christus
1563 4206 1635 4263 ut

131 4300 282 4365 homo
303 4324 422 4367 non
469 4312 566 4369 cst
613 4311 744 4367 tam
794 4308 1050 4365 sanctus
1079 4299 1239 4363 sicut
1263 4299 1458 4371 Deus,
1485 4296 1633 4374 quia

133 4412 228 4457 non
253 4405 334 4460 est
357 4404 606 4462 sanctus
635 4416 750 4479 per
779 4394 1138 4469 essentiam,
1171 4390 1283 4452 sed
1311 4406 1426 4469 per
1457 4389 1634 4451 unio-

135 4506 246 4551 nem
269 4492 664 4557 humanitatis
690 4492 774 4553 ad
811 4489 1204 4551 sanctitatem
1251 4500 1370 4565 per
1418 4498 1631 4545 essen-

136 4584 264 4646 tiam.
297 4587 442 4649 ltcm
467 4605 600 4648 non
633 4590 732 4649 est
775 4600 956 4663 reque
995 4580 1222 4643 beatus
1245 4595 1320 4639 ac
1347 4578 1531 4651 Deus,
1561 4580 1634 4637 ut

133 4694 220 4755 per
241 4698 298 4743 se
319 4687 574 4745 constat.
604 4682 789 4754 Item,
819 4676 990 4757 quod
1026 4674 1250 4736 attinet
1297 4672 1380 4735 ad
1418 4670 1634 4732 titulos

133 4773 446 4851 maiestatis,
473 4789 604 4837 non
637 4771 1060 4835 attribuuntur
1076 4766 1318 4829 Christo
1347 4770 1416 4827 ut
1435 4764 1636 4827 homi·

133 4864 201 4939 ni,
228 4868 396 4929 etiam
433 4868 488 4930 si
526 4867 770 4931 Christo
819 4862 1184 4942 simpliciter
1235 4858 1628 4931 tribuantur3

131 4960 263 5034 quod
285 4960 434 5023 forte
455 4960 723 5023 sufficiet
748 4964 818 5021 ut
845 4956 1120 5018 Christus
1143 4970 1270 5015 non
1293 4952 1372 5013 sit
1400 4948 1636 5029 simpli-

130 5051 248 5113 citer
265 5053 550 5117 dicendus
569 5068 811 5127 servus,
833 5051 912 5113 de
933 5066 1062 5129 quo
1079 5053 1298 5128 postea
1325 5045 1632 5120 dicemus3

129 5149 320 5220 tamen,
347 5166 488 5211 cum
515 5145 1042 5211 determinatione
1087 5138 1490 5220 specificante
1533 5136 1634 5199 vel

129 5238 525 5319 reduplicante,
581 5240 884 5314 Christus,
925 5237 994 5298 in
1039 5240 1348 5314 quantum
1407 5232 1622 5305 homo,

129 5348 294 5411 neque
329 5340 420 5397 est
473 5334 894 5414 omnipotens,
928 5344 1136 5409 neque
1175 5326 1476 5397 infinitus,
1508 5341 1627 5385 nec

131 5422 356 5506 denique
377 5430 562 5501 Deus,
581 5428 700 5489 nisi
729 5422 1120 5489 extrahendo
1147 5422 1318 5483 illam
1335 5417 1634 5481 determi-

133 5521 402 5587 nationem
423 5522 502 5587 ad
520 5522 930 5603 suppositum,
952 5536 1076 5599 quo
1109 5515 1292 5579 modo
1314 5532 1482 5577 nunc
1507 5530 1632 5575 non

1702 730 1940 793 tionem
1970 739 2293 809 aeternam,
2320 741 2384 795 et
2416 734 2564 796 dicit
2598 733 3027 797 omnimodam
3049 752 3255 815 oequa-

1703 825 1967 900 litatem,
1996 827 2111 889 sed
2140 828 2263 891 alio
2296 828 2575 891 inferiori
2604 828 2795 889 modo
2812 828 3035 891 dicitur
3068 829 3261 891 Filius

1701 921 2009 983 naturalis
2037 938 2154 999 per
2190 921 2459 1001 gratiam
2510 922 2797 995 unionis;
2854 940 3003 1003 ergo
3052 940 3261 1001 neque

1705 1014 1822 1075 ista
1861 1012 2343 1077 communicatio
2370 1022 2481 1079 aut
2524 1016 2764 1091 filiatio,
2796 1034 2941 1077 cum
2990 1016 3053 1077 in
3102 1016 3263 1077 infe-

1703 1107 1854 1169 riori
1883 1108 2105 1172 ordine
2162 1114 2439 1187 maneat,
2468 1109 2827 1173 necessario
2856 1108 3129 1171 excludit
3154 1128 3265 1171 ve-

1703 1220 1840 1263 ram
1897 1204 2265 1266 servitutem
2292 1220 2331 1263 a
2370 1203 2608 1267 Chr1sto
2648 1209 2717 1265 ut
2765 1202 3047 1265 homine.
3077 1202 3263 1283 Cujus

1705 1298 1896 1359 etiam
1927 1296 2179 1377 signum
2211 1316 2349 1360 esse
2390 1303 2619 1378 potest,
2654 1296 2803 1378 quia
2828 1316 2939 1378 per
2968 1314 3111 1359 eam
3136 1316 3264 1359 non

1703 1390 1896 1453 habet
1921 1388 2224 1465 ChristuS,
2258 1396 2329 1452 ut
2377 1391 2587 1468 homo,
2623 1392 2729 1469 Jus
2779 1391 2859 1453 ad
2898 1394 3116 1465 totam,
3150 1410 3261 1453 seu

1703 1484 1787 1545 ad
1842 1484 2150 1562 aequalem
2198 1484 2395 1547 Patris
2446 1484 2901 1559 haereditatem,
2932 1484 3081 1564 quia
3134 1502 3265 1547 non

1703 1577 1894 1641 habet
1914 1578 2023 1657 jus
2052 1576 2133 1638 ad
2154 1576 2605 1641 beatitudinem
2630 1596 2745 1657 per
2772 1578 3133 1654 essentiam,
3150 1595 3265 1639 seu

1706 1672 1788 1735 ad
1817 1670 2480 1751 comprehendendam
2500 1670 2887 1733 divinitatem
2906 1686 3023 1751 per
3043 1670 3265 1733 huma-

1703 1766 1966 1829 nitatem
1997 1780 2215 1839 suam3
2252 1781 2403 1845 ergo
2436 1780 2565 1825 non
2594 1770 2685 1827 est
2726 1782 2839 1827 cur
2865 1764 2987 1827 hoc
3008 1766 3115 1845 jus
3144 1765 3267 1827 hrc-

1705 1858 2070 1923 reditarium
2102 1858 2395 1921 excludat
2414 1857 2611 1921 abilis
2638 1864 2865 1921 natura
2892 1858 3265 1921 relationem

1703 1952 2035 2016 servitutis.
2070 1951 2376 2029 Tandem,
2414 1952 2465 2013 si
2496 1951 2962 2015 consideremus
2982 1970 3266 2016 eommu-

1708 2046 2088 2109 nicationem
2114 2046 2181 2106 in
2232 2046 2473 2107 honore
2524 2064 2639 2109 sen
2680 2044 3069 2121 adoratione,
3122 2045 3267 2109 licet

1713 2157 1925 2203 verum
1955 2138 2033 2201 sit
2054 2138 2277 2201 eadem
2307 2140 2515 2215 latria,
2540 2156 2665 2219 qua
2701 2139 2973 2201 Verbum
3016 2138 3262 2217 colitur,

1709 2233 1957 2297 adorari
1984 2232 2445 2295 humanitatem
2482 2234 2644 2313 ejus,
2693 2237 2929 2306 tamen,
2964 2233 3015 2295 si
3052 2238 3265 2295 mente

1707 2328 2167 2407 distinguamus
2195 2326 2367 2387 illam
2400 2326 2831 2389 adorationem
2872 2332 2943 2387 ut
2968 2326 3266 2389 humani-

1709 2426 1900 2485 tatem
1931 2420 2201 2498 attingit,
2228 2419 2619 2483 inveniemus
2664 2420 2945 2483 inferiori
2990 2420 3265 2499 quodam

1707 2515 1896 2578 modo
1927 2514 2009 2577 ad
2033 2512 2203 2575 illam
2236 2514 2575 2594 pertinere,
2609 2532 2799 2596 quarn
2832 2514 2913 2576 ad
2946 2514 3223 2577 Verbum
3242 2536 3261 2591 ς

1711 2615 1774 2671 et
1799 2614 2091 2687 respectu
2114 2608 2525 2669 humanitatis
2552 2626 2695 2671 esse
2712 2610 3151 2689 respectivam,
3184 2608 3265 2671 ad

1709 2702 1987 2765 Verbum
2010 2707 2221 2765 autem
2263 2718 2401 2765 esse
2429 2700 2804 2765 absolutam.
2830 2702 3065 2767 Colitur
3096 2704 3267 2765 enim

1713 2796 1985 2859 Verbum
2017 2800 2275 2875 propter
2319 2812 2391 2859 se
2444 2797 2676 2877 ipsum,
2719 2796 3073 2859 humanitas
3112 2814 3261 2859 vero

1711 2907 1840 2951 non
1895 2896 2153 2968 propter
2196 2907 2286 2965 se,
2338 2890 2449 2951 sed
2478 2894 2735 2971 propter
2762 2890 3061 2953 Verbum.
3096 2892 3269 2955 Sicut

1712 2981 1967 3062 quando
1996 2982 2334 3044 adoramus
2364 2991 2648 3046 sunctum
2680 2982 3023 3058 hominem,
3044 2985 3266 3049 eodem

1711 3081 1858 3137 actu
1903 3092 2132 3155 corpus
2178 3082 2240 3139 et
2291 3076 2567 3137 animam
2604 3077 2743 3156 ejus
2765 3096 3166 3155 veneramur,
3208 3083 3269 3141 et

1713 3168 2129 3231 nihilominus
2151 3186 2277 3231 non
2300 3186 2501 3249 mque,
2538 3170 2689 3249 quia
2706 3170 2981 3235 animam
3009 3176 3269 3252 propter

1715 3280 1809 3339 se,
1841 3280 2069 3343 corpus
2115 3268 2327 3325 autem
2366 3270 2622 3345 propter
2677 3264 2979 3339 animam,
3010 3270 3075 3327 et
3128 3265 3270 3327 ideo

1715 3374 1944 3438 corpus
2004 3374 2257 3437 semper
2318 3364 2537 3421 manet
2610 3358 2871 3421 inferius
2892 3405 2911 3433 ‚
2963 3362 3025 3421 et
3092 3356 3272 3439 quasi

1713 3451 1950 3531 aliquid
2006 3451 2229 3513 servile
2300 3456 2593 3531 respectu
2658 3452 2907 3513 animae.
2964 3452 3064 3515 Sic
3119 3468 3269 3531 ergo

1712 3546 2142 3627 philosophari
2200 3544 2349 3608 licet
2404 3546 2485 3609 de
2542 3546 2929 3609 humanitate
2982 3550 3271 3625 respectu

1713 3640 2077 3714 divinitatis,
2114 3640 2517 3719 quantumvis
2544 3640 2625 3701 sit
2666 3640 2725 3701 ei
2782 3640 3272 3703 substantialiter

1715 3735 2075 3814 conjuncta.
2135 3732 2347 3807 Unde,
2394 3732 2447 3795 si
2490 3732 2937 3813 reduplicative
2988 3738 3271 3797 sumatur

1713 3828 1816 3889 illa
1871 3826 2333 3902 determinatim
2368 3826 2657 3891 Christus
2709 3829 2777 3891 iu
2831 3836 3117 3911 quantum
3168 3828 3269 3891 Ῑιο·

1713 3936 1833 3997 mo,
1869 3938 1999 3982 non
2044 3927 2137 3983 est
2172 3920 2513 3983 adorabilis
2538 3921 2763 3999 aequali
2802 3922 3165 3985 adoratione
3198 3938 3270 3983 ac

1713 4014 1882 4075 Deus
1905 4014 1969 4074 in
1994 4018 2303 4093 quantum
2328 4016 2517 4090 Deus,
2546 4015 2661 4077 sed
2684 4014 2960 4077 inferiori
2988 4014 3111 4077 alio
3140 4014 3271 4077 cul-

1715 4114 1808 4183 tu,
1843 4114 1906 4169 ul
1931 4125 1995 4186 q.
2030 4110 2107 4171 25
2137 4106 2509 4171 videbimus.
2542 4109 2675 4170 Imo
2716 4108 2851 4188 ipse
2897 4108 3173 4170 Christus
3203 4111 3271 4169 ut

1717 4204 1906 4263 homo
1938 4200 2163 4267 adorat
2202 4202 2405 4263 Deum
2434 4201 2655 4263 eodem
2710 4218 2939 4281 genere
2968 4202 3173 4263 cultus
3208 4205 3271 4261 et

1714 4294 2175 4370 submissionis»,
2204 4312 2329 4375 quo
2358 4312 2477 4357 nos
2504 4296 2703 4356 Deum
2732 4294 2995 4357 colimus
3020 4300 3085 4357 et
3122 4293 3271 4355 ado-

1711 4406 1967 4463 ramus;
1998 4406 2147 4451 nam
2170 4386 2231 4451 ei
2258 4386 2637 4451 sacrificium
2674 4388 2877 4463 offert,
2897 4398 2967 4451 ut
2988 4388 3173 4463 inllra,
3204 4404 3267 4467 q.

1713 4486 1814 4555 22,
1857 4484 1921 4545 et
1959 4482 2147 4545 latius
2196 4482 2259 4543 in
2294 4484 2333 4545 3
2374 4486 2545 4544 tomo
2578 4480 2967 4556 videbimus;
3026 4482 3093 4543 in
3142 4498 3269 4560 quo

1713 4582 1858 4639 actu
1886 4594 2181 4655 suprema
2200 4576 2359 4638 ratio
2380 4576 2569 4655 hujus
2590 4575 2792 4637 cultus
2810 4574 3267 4649 manifestatur,

1711 4675 1784 4731 ut
1799 4668 2037 4731 ibidem
2058 4668 2375 4742 dicemus3
2402 4686 2555 4748 ergo
2572 4670 2962 4749 recognoscit
2974 4686 3045 4731 se
3062 4668 3271 4749 ipsum

1713 4769 1782 4825 ut
1812 4780 2089 4837 servum,
2116 4768 2177 4825 et
2202 4764 2399 4825 Deum
2430 4768 2499 4825 ut
2526 4762 2855 4827 dominum
2886 4780 3111 4837 suum3
3152 4762 3273 4823 hoc

1715 4856 1884 4919 enim
1911 4872 2147 4936 genere
2176 4856 2381 4917 cultus
2406 4872 2523 4917 nos
2557 4856 2757 4919 Deum
2788 4856 3144 4919 adoramus.

1797 4950 1893 5011 35.
1941 4948 2194 5022 Ultimo,
2220 4954 2429 5027 potest
2470 4952 2601 5011 tota
2630 4948 2763 5012 haec
2798 4949 2961 5013 ratio
3002 4948 3271 5029 amplius

1713 5041 2073 5103 confirmari
2094 5048 2156 5103 et
2190 5042 2399 5121 urgeri
2422 5058 2501 5103 ex
2524 5048 2705 5121 parte
2729 5042 2865 5117 Dei,
2898 5060 3073 5121 nam,
3100 5050 3168 5105 ut
3194 5062 3273 5105 ex

1714 5134 1951 5197 Hilario
1986 5152 2177 5213 supra
2214 5134 2563 5207 citavimus,
2588 5136 2882 5198 dominus
2908 5138 2987 5199 ad
3016 5154 3271 5199 servum

1717 5230 1964 5291 dicitur.
1993 5228 2173 5291 Unde
2203 5235 2371 5290 recte
2412 5228 2599 5291 infert
2648 5230 2721 5293 D.
2754 5230 2976 5293 Tuom.
3018 5234 3077 5293 2.
3108 5235 3175 5306 2,
3202 5248 3265 5307 q.

1717 5326 1820 5397 8¹,
1857 5330 1972 5385 art.
2003 5326 2063 5397 1,
2090 5322 2172 5384 ad
2198 5321 2475 5396 tertium,
2512 5322 2621 5385 ubi
2652 5332 2747 5385 est
2774 5324 3058 5403 specialis
3108 5324 3271 5385 ratio

1719 5415 2006 5493 dominii,
2035 5415 2119 5478 ibi
2148 5433 2283 5478 esse
2330 5416 2563 5478 debere
2594 5418 2933 5497 specialem
2962 5417 3269 5481 rationem

1722 5509 2078 5586 servitutis3
2110 5510 2219 5573 sed
2248 5510 2414 5572 Deus
2454 5516 2551 5575 est
2592 5528 2739 5574 vere
2771 5532 2843 5575 ac
2870 5511 3121 5595 proprie
3158 5513 3271 5577 do-
