3892 6167
552 330 671 389 5¹10

548 436 739 495 reret.
784 430 863 491 Et
894 425 1136 489 ratione
1168 421 1411 485 ostendi
1458 426 1659 503 potest
1678 464 1697 493 ,
1728 417 1877 497 quia
1904 417 2106 497 gratia

548 534 613 589 et
640 525 963 593 sanctitas,
994 538 1135 597 quse
1168 518 1563 597 potissimum
1606 521 1704 577 est
1740 514 1929 593 hujus
1953 511 2108 574 ado-

548 618 811 683 rationis
844 615 1325 679 t'undamentum
1352 656 1369 681 ,
1403 608 1686 689 ejusdem
1716 606 1974 671 rationis
2011 611 2108 667 est

546 715 614 775 in
648 712 963 790 utrisque3
998 725 1151 781 ergo
1198 711 1259 768 et
1288 702 1569 765 adoratio
1604 701 1885 779 eJ'usdem
1920 700 2109 759 ratio-

548 808 648 869 nis
676 805 829 877 erit;
858 802 993 865 sola
1024 800 1191 861 enim
1214 795 1567 863 differentia
1602 796 1667 857 in
1714 798 1877 857 statu
1911 792 2110 855 beati-

546 899 783 963 tudinis
819 914 947 957 non
997 893 1243 957 videtur
1272 889 1353 951 ad
1382 886 1858 968 distinguendas
1888 885 2110 947 adora-

550 994 756 1055 tiones
784 988 1141 1062 sufficiens,
1170 986 1320 1063 quia
1357 983 1675 1063 praecipua
1718 981 1877 1045 ratio
1921 980 2110 1057 hujus

550 1083 933 1147 adorationis
984 1087 1079 1143 est
1128 1078 1517 1160 participatio
1566 1076 1792 1139 divinae
1838 1080 2106 1148 naturai,

550 1195 693 1256 qum
728 1194 840 1256 per
866 1174 1135 1255 gratiam
1186 1173 1277 1246 fit,
1327 1190 1465 1250 quie
1512 1169 1797 1248 ejusdem
1849 1166 2110 1229 rationis

548 1279 646 1333 est
686 1273 749 1333 in
800 1269 1037 1333 viatore
1090 1272 1156 1327 et
1204 1266 1423 1339 beato;
1458 1281 1609 1343 ergo
1640 1269 1703 1325 et
1730 1262 1931 1325 honor
1954 1305 1975 1336 ‚
2003 1260 2112 1339 qui

550 1366 671 1427 illis
700 1365 907 1437 datur,
940 1360 1227 1440 ejusdem
1278 1366 1375 1421 est
1421 1358 1722 1428 rationis3
1768 1355 1879 1419 sed
1912 1356 2115 1419 honor

548 1456 871 1537 qni-datur
902 1454 1135 1516 sanctis
1172 1452 1323 1515 viris
1344 1496 1363 1527 ,
1400 1471 1477 1513 eo
1506 1450 1677 1529 quod
1716 1448 1915 1511 sancti
1943 1451 2110 1521 sunt,

548 1570 677 1613 non
720 1550 969 1611 videtur
994 1547 1117 1609 dici
1158 1564 1347 1627 posse
1377 1546 1583 1609 cultus
1612 1542 1960 1621 religiosus,
1997 1558 2116 1603 ne·-

548 1663 675 1723 que
700 1645 765 1706 in
798 1643 895 1705 his
921 1642 1111 1704 rebus
1140 1641 1507 1711 consistere,
1538 1636 1769 1717 quibus
1786 1654 1905 1699 nos
1926 1636 2115 1699 Sanc-

550 1746 645 1803 tos
670 1736 789 1800 coli
820 1737 1127 1809 diximus:
1160 1752 1311 1813 ergo
1339 1751 1549 1813 neque
1586 1732 1958 1793 Sanctorum
1985 1728 2115 1793 cul-

549 1836 653 1895 tus
682 1832 1013 1903 religiosus
1036 1827 1393 1891 censendus
1422 1827 1561 1889 erit.

634 1931 671 1989 7
686 1970 701 1989 .
748 1925 1105 2002 Responsio.
1137 1952 1214 1969 ο-
1240 1918 1681 1999 Respondetur
1724 1934 1944 1981 verum
1973 1934 2116 1979 esse

554 2022 673 2083 has
716 2020 1117 2081 adorationes
1142 2015 1223 2077 ad
1252 2014 1541 2077 eamdem
1587 2014 1877 2075 virtutem
1925 2012 2116 2091 perti-

548 2132 725 2187 nere,
757 2119 827 2175 ut
854 2112 1131 2173 rationes
1172 2108 1355 2171 tactae
1390 2107 1692 2186 probant;
1734 2106 1873 2167 dico
1900 2109 2113 2169 temen

552 2208 741 2271 etiam
792 2223 977 2285 posse
1024 2203 1153 2265 dici
1198 2201 1555 2279 religiosum
1604 2201 1907 2261 honorem
1942 2216 2110 2273 eum,

552 2304 661 2382 qui
690 2302 827 2362 vivo
856 2298 1095 2361 bomini
1126 2297 1421 2359 tribuitur
1446 2294 1649 2357 solum
1682 2294 1909 2355 intuitu
1936 2308 2117 2355 sanc·

551 2396 767 2468 titatis,
802 2400 865 2456 et
884 2390 1457 2472 supernaturalium
1492 2389 1829 2463 donorum,
1860 2387 2009 2467 quia
2039 2404 2116 2447 ex

550 2506 701 2551 vera
765 2486 895 2550 fide
945 2493 1010 2549 et
1060 2482 1371 2565 religione
1436 2482 1849 2562 proficiscitur
1871 2525 1890 2555 ,
1955 2480 2118 2541 sicut

550 2582 807 2663 quando
838 2583 1224 2643 honoramus
1254 2578 1649 2648 Pontificem,
1681 2577 1829 2655 quia
1872 2582 1966 2637 est
2012 2573 2118 2635 Vi-

553 2676 761 2739 carius
797 2674 1042 2749 Christi,
1069 2674 1171 2735 vel
1214 2671 1617 2751 Prophetam‚
1654 2675 1761 2731 aut
1788 2667 2115 2747 Evangeli-

554 2788 699 2833 cum
739 2768 1208 2849 praedicatorem
1228 2812 1245 2840 ,
1274 2767 1423 2845 quia
1452 2764 1641 2825 verba
1678 2764 1783 2825 Dei
1812 2762 2111 2841 loquitur,

554 2880 635 2924 ex
672 2861 977 2940 religione
1028 2866 1091 2923 et
1130 2859 1255 2921 fide
1302 2859 1477 2920 illum
1505 2874 1912 2928 veneramur-3
1946 2852 2116 2915 unde

557 2956 937 3017 Athanasius
965 2972 1155 3033 supra
1181 2954 1429 3027 citatus,
1456 2951 1523 3011 in
1554 2950 1661 3013 lib.
1692 2950 1771 3011 de
1802 2950 2115 3030 virginit„

556 3046 637 3110 de
666 3049 907 3111 Sanctis
938 3048 1045 3127 qui
1076 3049 1239 3109 inter
1267 3064 1387 3107 nos
1408 3045 1626 3105 vivunt
1648 3044 1949 3122 loquitur,
1975 3060 2120 3104 cum

556 3142 706 3203 dicit
738 3158 757 3203 τ
794 3141 871 3205 Si
907 3143 1075 3205 homo
1108 3142 1327 3220 justae
1380 3138 1531 3203 oedaes
1575 3140 1718 3200 tuas
1765 3139 2118 3209 intraverit,

554 3236 839 3299 adorabis
872 3235 1041 3297 humi
1058 3234 1153 3295 -ad
1170 3234 1345 3311 pedes
1374 3231 1550 3293 illius
1560 3256 1585 3304 ;
1604 3232 1793 3293 Dotem
1816 3232 1998 3295 enim,
2015 3230 2123 3310 qui

554 3328 733 3391 illum
760 3331 979 3401 mittit,
1006 3326 1309 3390 adorabis.
1330 3325 1403 3385 Et
1430 3325 1839 3403 Augustinus,
1862 3325 1945 3385 20
1972 3340 2121 3384 cun-

552 3427 651 3483 tra
676 3420 913 3493 Faust.,
946 3439 1005 3483 c.
1032 3422 1135 3496 21,
1168 3419 1257 3481 sic
1284 3417 1487 3497 inquit
1518 3438 1535 3479 ε
1570 3416 1843 3481 Colimus
1873 3418 2122 3497 Marty-

554 3532 653 3578 res
678 3532 741 3577 eo
769 3514 933 3577 cultu
961 3511 1293 3577 dilectionis
1342 3516 1399 3573 et
1426 3512 1755 3579 societatis,
1794 3529 1911 3591 quo
1953 3517 2012 3574 et
2057 3512 2124 3572 in

556 3608 671 3670 lac
704 3610 835 3671 vita
862 3606 1141 3670 coluntur
1166 3606 1365 3669 sancti
1391 3605 1655 3666 homines
1687 3604 1835 3678 Dei,
1866 3622 2120 3684 quorum

558 3718 661 3764 coo·
684 3702 764 3765 ad
784 3700 964 3763 talem
979 3718 1093 3781 pro
1112 3698 1491 3781 Evanyslica
1510 3696 1767 3761 veritato
1780 3697 2120 3776 paccionem

549 3800 841 3875 paratum
881 3811 1007 3857 orso
1036 3790 1351 3857 sentin-cue.
1398 3790 1588 3853 Addit
1625 3808 1773 3851 vero
1806 3789 2118 3851 subinde:

558 3887 689 3951 Sed
725 3887 869 3950 illoc
900 3894 1069 3952 tanto
1102 3887 1395 3959 devotius,
1424 3890 1647 3966 quanto
1674 3882 1964 3956 securius,
1983 3889 2124 3963 poet

558 3986 789 4045 incerta
816 3984 1021 4045 omnia
1046 3987 1357 4063 superata,
1389 3986 1610 4059 quanto
1638 3980 1819 4043 etiam
1852 3979 2124 4052 fidentio-

556 4079 620 4138 ri
642 4076 817 4139 laudo
837 4074 1267 4153 praedicamus,
1294 4082 1420 4137 tam
1450 4077 1518 4137 in
1544 4076 1675 4136 vita
1710 4073 1972 4153 feliciori
2007 4074 2126 4135 vic·

560 4176 751 4243 tores,
784 4186 963 4247 quam
1004 4170 1077 4229 in
1119 4168 1245 4231 ista
1292 4167 1489 4231 adhuc
1522 4184 1709 4248 usque
1743 4166 2126 4245 pugnanter?

560 4261 797 4333 Quibus
829 4260 1281 4339 posterioribus
1320 4259 1529 4321 verbis
1564 4257 1799 4338 optime
1828 4258 2126 4322 indicavit

558 4354 948 4433 Augustinus
969 4397 984 4424 ,
1016 4356 1301 4431 quamvis
1329 4353 1570 4431 species
1598 4352 1786 4430 hujus
1816 4351 2126 4413 adoratio-

560 4448 659 4509 nis
690 4446 913 4508 eadem
944 4450 1060 4517 sit,
1094 4452 1303 4507 tamen
1324 4488 1341 4519 ,
1374 4446 1533 4507 sicut
1564 4448 1763 4507 status
1794 4444 2124 4507 beatorum

560 4540 895 4620 perfectior
922 4546 1018 4603 est
1047 4546 1181 4601 tum
1206 4540 1272 4599 in
1302 4539 1631 4611 charitate,
1654 4538 1804 4619 quia
1832 4544 1980 4600 suut
2007 4538 2125 4599 im-

561 4633 949 4713 peccabiles,
982 4639 1047 4693 et
1084 4633 1341 4693 omnino
1366 4634 1613 4705 securi,
1642 4638 1783 4695 tum
1808 4631 1875 4693 in
1908 4632 2125 4711 cogni-

560 4726 729 4787 tione
746 4772 767 4803 ,
800 4725 951 4809 quia
974 4727 1176 4787 Deum
1214 4726 1383 4787 clare
1415 4744 1489 4787 ac
1516 4726 1849 4789 manifeste
1878 4727 2126 4787 intuen-

562 4828 694 4893 tur,
728 4826 865 4881 tum
909 4820 977 4881 in
1026 4825 1367 4899 potestate,
1400 4820 1548 4899 quia
1576 4836 1721 4881 cum
1752 4818 1993 4881 Christo
2023 4838 2124 4881 re-

562 4918 789 4993 gnant,
817 4919 953 4975 tum
982 4912 1045 4973 in
1074 4911 1275 4991 gradu
1306 4912 1589 4986 honoris,
1622 4912 1770 4992 quia
1812 4930 1958 4975 cum
1985 4914 2122 4993 ipso

559 5005 779 5069 sedent
812 5004 876 5065 in
920 5006 1145 5067 throno
1186 5005 1360 5084 ejus,
1390 5011 1461 5067 ut
1488 5004 1719 5067 dicitur
1758 5007 2017 5086 Apocal.
2047 5010 2119 5083 3,

558 5101 641 5161 ita
662 5098 1137 5177 perfectioribus
1155 5098 1399 5161 actibus
1417 5106 1480 5161 et
1500 5099 1690 5161 rebus
1714 5100 1833 5162 coli
1860 5100 2118 5163 dehere.

558 5195 763 5271 Atque
807 5191 953 5251 hinc
987 5189 1056 5252 fit
1096 5199 1167 5252 ut
1211 5192 1349 5253 aliis
1402 5192 1599 5271 signis
1648 5199 1710 5255 et
1754 5194 2122 5255 certioribus

564 5286 933 5346 testimoniis
976 5292 1225 5347 utamur
1269 5286 1351 5347 ad
1397 5286 1801 5349 honorandos
1830 5288 2118 5361 Sanctus,

544 5376 669 5456 qui
705 5378 839 5457 jam
904 5377 1097 5441 vitam
1156 5396 1303 5439 cum
1362 5385 1565 5442 morte
1628 5386 2116 5455 commutarunt,

558 5488 751 5549 quam
780 5488 889 5531 eos
910 5469 1017 5547 qui
1040 5469 1245 5534 adhuc
1262 5471 1327 5533 in
1354 5470 1645 5535 humanis
1672 5472 1946 5553 degunt3
1965 5474 2119 5554 quin

1772 316 2008 382 Quffis'r.
2045 316 2195 370 XXV.
2231 316 2432 371 Anne.
2468 320 2533 375 tt.

2186 418 2418 498 potina,
2451 418 2640 483 etiam
2673 420 2836 483 inter
2861 418 3030 496 ipsos
3059 422 3366 490 mortuos,
3399 418 3600 499 longe
3632 436 3770 481 ma·-

2187 532 2385 588 gnum
2411 513 2746 577 discrimen
2777 513 3196 579 collocamus:
3219 528 3330 573 eos
3353 512 3526 573 enim
3552 513 3666 591 qui
3687 514 3766 573 ab

2187 607 2463 671 Ecclesia
2497 606 2842 669 canonizati
2871 615 3038 677 siint,
3066 606 3320 686 publico
3368 605 3546 667 cultu
3577 614 3646 667 et
3671 625 3768 667 so-

2187 702 2382 764 lemni
2411 702 2530 763 ritu
2563 700 2868 771 colimus,
2893 707 2960 763 et
2989 705 3224 765 certam
3261 716 3338 761 ac
3367 697 3762 761 infallibilem

2191 794 2714 859 existimationem
2763 792 2844 857 de
2903 810 3126 855 eorum
3175 793 3512 855 sanctitate
3565 791 3766 853 habe-

2189 908 2366 961 mus;
2407 890 2566 951 alios
2613 905 2764 951 vero
2805 904 2936 949 non
2981 888 3384 951 canonizatus
3433 904 3573 947 non
3625 885 3770 949 licet

2193 983 2442 1063 publico
2465 983 2666 1057 cultu,
2697 982 2808 1062 qui
2835 982 3090 1043 nomine
3117 981 3314 1043 totius
3341 980 3650 1043 Ecclesia
3677 979 3768 1051 tit,

2189 1078 2518 1149 veneram
2549 1075 2616 1139 id
2643 1076 2814 1139 enim
2837 1092 2978 1155 cap.
3014 1078 3041 1136 ί
3073 1081 3138 1139 et
3169 1078 3211 1139 2
3239 1074 3321 1139 de
3355 1074 3532 1137 feriis
3561 1074 3775 1151 prohi-

2191 1174 2394 1237 bitum
2433 1168 2574 1245 est3'
2617 1172 2669 1233 si
2723 1177 2938 1233 tamen
2989 1169 3204 1247 aliquo
3254 1168 3446 1231 modo
3501 1174 3770 1243 certam,

2193 1267 2480 1347 quamvis
2505 1266 2850 1330 humanam
2873 1264 3089 1339 fidem,
3115 1264 3198 1325 de
3219 1281 3446 1327 eorum
3471 1261 3773 1323 felicitate

2193 1362 2582 1437 habeamus,
2619 1378 2730 1423 eos
2763 1358 3052 1439 privatim
3085 1357 3375 1419 venerari
3425 1355 3774 1435 possumus

2197 1462 2259 1519 et
2287 1474 2496 1519 orare.

2276 1552 2336 1615 8.
2381 1550 2766 1615 Dubitas.—
2787 1546 3046 1622 Quarto,
3079 1545 3146 1606 in
3172 1543 3442 1607 dubium
3470 1542 3638 1603 verti
3673 1558 3778 1620 po-

2193 1651 2317 1708 test
2345 1660 2425 1705 an
2461 1642 2565 1705 bic
2603 1642 2810 1704 cultus
2835 1640 3034 1719 possit
3061 1637 3188 1701 dici
3215 1638 3598 1719 religiosus,
3631 1636 3778 1714 qnia

2197 1739 2280 1803 ab
2307 1737 2529 1801 eadem
2563 1736 2792 1797 virtute
2831 1732 3178 1811 religionis,
3205 1750 3334 1811 qua
3369 1732 3574 1791 Deum
3625 1728 3780 1791 coli-

2195 1849 2364 1902 mus,
2395 1829 2638 1893 elicitus
2665 1829 2779 1899 sit;
2811 1826 2984 1907 quod
3011 1826 3248 1905 pendet
3285 1843 3364 1887 ex
3404 1823 3614 1887 dubio
3649 1840 3780 1883 me-

2195 1924 2549 2005 taphysico,
2573 1940 2656 1983 an
2685 1920 2908 1983 virtus.
2931 1936 3052 1998 qua
3079 1919 3348 1981 colimus
3373 1919 3682 1987 sanctos,
3705 1916 3778 1976 sit

2195 2019 2522 2082 distinctus
2553 2014 2808 2079 habitus
2849 2030 2890 2073 a
2921 2012 3246 2090 religione.
3278 2011 3356 2073 Et
3394 2010 3566 2073 ratio
3597 2008 3777 2071 dubi-

2195 2112 2372 2176 tandi
2397 2129 2538 2175 esse
2565 2114 2792 2188 potest,
2817 2105 2968 2185 quia
2990 2104 3264 2173 habitus.
3285 2122 3416 2184 quo
3445 2103 3772 2183 diligimus

2195 2208 2398 2269 Deum
2431 2210 2496 2267 et
2521 2204 2815 2274 Sanctos,
2845 2208 2943 2261 est
2969 2218 3136 2261 unus
3165 2206 3228 2261 et
3255 2196 3422 2259 idem
3443 2242 3466 2271 ,
3499 2197 3768 2269 scilieet,

2197 2300 2487 2373 charitas,
2509 2312 2652 2376 qum
2677 2312 2804 2357 una
2835 2300 2956 2365 est,
2979 2294 3268 2373 quamvis
3285 2292 3516 2367 diligat
3547 2290 3764 2363 Deum,

2197 2394 2348 2475 qnia
2399 2396 2493 2453 est
2537 2390 2746 2453 bonus
2795 2405 2912 2467 per
2957 2387 3322 2457 essentiam,
3369 2393 3434 2447 et
3479 2386 3766 2459 Sanctus,

2197 2487 2346 2567 quia
2371 2491 2518 2547 sunt
2551 2484 2640 2546 Dii
2669 2500 2786 2563 per
2813 2480 3381 2563 participationem;
3409 2496 3574 2559 ergo
3605 2477 3766 2539 idem

2199 2581 2278 2643 de
2315 2580 2620 2657 religione
2651 2575 3035 2639 censendum
3066 2575 3204 2637 erit.
3237 2570 3644 2652 Responderi
3671 2588 3768 2649 po-

2197 2680 2320 2737 test
2345 2692 2422 2735 ex
2450 2674 2520 2735 D.
2542 2672 2786 2733 Thema
2811 2672 2874 2733 2.
2897 2671 2962 2741 2,
2987 2676 3210 2748 quaest.
3239 2670 3382 2735 1⁰3,
3407 2686 3474 2727 a.
3505 2666 3572 2738 3,
3599 2666 3680 2727 ad
3703 2668 3764 2737 2,

2195 2768 2490 2849 negando
2509 2764 3052 2844 consequentiam,
3075 2761 3224 2841 quia
3245 2761 3538 2841 proxima
3560 2766 3628 2821 et
3649 2768 3765 2821 tota

2197 2864 2360 2925 ratio
2405 2858 2708 2937 diligendi
2751 2856 3105 2937 proximum
3151 2864 3250 2919 est
3289 2854 3430 2935 ipse
3481 2855 3681 2926 Deus,
3709 2868 3770 2915 et

2200 2956 2450 3019 bonitas
2475 2956 2615 3032 ejus
2641 2944 2660 3013 ὲ
2690 2950 2836 3015 Non
2859 2953 3046 3020 enim,
3085 2948 3328 3029 iuquit,
3351 2967 3467 3028 per
3501 2949 3768 3011 charita-

2201 3056 2318 3115 tom
2348 3050 2669 3129 diligimus
2707 3046 2778 3107 in
2815 3042 3092 3123 produn
3133 3046 3261 3105 sisi
3289 3044 3490 3105 Deum
3509 3084 3530 3112 ,
3555 3048 3624 3105 et
3645 3041 3768 3103 ideo

2201 3145 2400 3207 eadem
2443 3140 2720 3204 clear-itae
2755 3144 2844 3201 eet
2873 3156 2994 3219 qua
3021 3136 3312 3215 dilinitur
3347 3136 3520 3197 Dour
3549 3142 3610 3195 et
3631 3151 3766 3213 pro-

2201 3239 2448 3307 πίνναι,-
2477 3240 2546 3298 ac
2589 3248 2762 3304 roro,
2797 3248 2932 3295 um
2971 3233 3060 3294 eit
3099 3231 3230 3293 acia
3271 3230 3444 3293 ratio
3477 3227 3766 3291 uniendi

2178 3320 2328 3393 ¹Deo
2367 3334 2424 3392 et
2463 3326 2718 3401 homini,
2747 3330 2856 3387 aut
2904 3325 3236 3386 honorandi
3277 3332 3628 3403 amnique,
3653 3338 3761 3381 eos

2201 3430 2292 3487 est
2334 3423 2531 3485 udam
2577 3421 2780 3482 virtus
2821 3418 3011 3483 latria
3055 3422 3112 3480 et
3141 3417 3336 3479 dulia.
3367 3416 3504 3479 Sed
3529 3420 3758 3487 tonna,

2205 3516 2354 3595 qnia
2401 3514 2560 3575 sicut
2607 3511 2874 3590 alicujus
2920 3511 3151 3571 amoris
3185 3510 3452 3589 proximi
3487 3510 3760 3589 proxima

2202 3612 2363 3674 ratio
2391 3626 2530 3671 esse
2558 3610 2765 3687 potest
2789 3606 3000 3669 divina
3026 3605 3298 3681 bonitas,
3327 3606 3415 3669 ita
3445 3606 3640 3667 etiam
3661 3602 3758 3663 ali-

2203 3706 2384 3785 cujus
2429 3700 2814 3765 adorationis
2859 3700 3233 3761 Sanctorum
3275 3700 3564 3778 proxima
3613 3696 3756 3759 ratio

2205 3816 2346 3862 esse
2389 3801 2594 3877 potest
2641 3794 2852 3857 divina
2903 3795 3292 3869 excellentia,
3326 3801 3396 3855 ut
3445 3811 3640 3872 supra
3667 3810 3758 3855 os-

2203 3900 2454 3955 tensum
2483 3896 2604 3965 est,
2629 3887 2734 3949 nbi
2765 3888 2954 3949 etiarn
2983 3887 3254 3949 diximus
3275 3888 3645 3967 hujusmodi
3669 3904 3758 3947 ae-

2203 3993 2338 4049 tum
2365 3984 2448 4045 ab
2479 3982 2702 4044 eadem
2731 3982 2982 4054 virtute,
3011 3999 3135 4060 qus
3167 3982 3337 4045 Deus
3361 3982 3614 4047 colitur.
3642 3998 3756 4043 ma-

2203 4096 2383 4150 nare,
2431 4075 2718 4157 quamvis
2767 4074 3162 4154 frequentius
3219 4094 3352 4137 non
3403 4082 3756 4137 exercentur

2205 4173 2370 4235 circa
2391 4188 2495 4232 res
2525 4186 2666 4248 quoe
2689 4186 2804 4248 per
2831 4187 2902 4230 se
2931 4176 3078 4233 sunt
3103 4169 3488 4233 adorabiles.
3513 4170 3751 4232 Rursus,

2207 4267 2364 4327 sicut
2414 4263 2758 4325 adorantur
2783 4264 2994 4326 Sancti
3037 4264 3160 4325 alio
3205 4271 3352 4327 actu
3397 4271 3654 4343 propter
3675 4262 3752 4323 in-

2206 4357 2542 4419 trinsecam
2581 4356 2981 4419 sanctitatem
3023 4356 3570 4436 supernaturalem
3603 4372 3749 4417 crea·

2206 4455 2360 4523 tam,
2385 4450 2471 4511 ita
2505 4453 2762 4527 propter
2790 4448 3078 4511 eamdem
3112 4456 3378 4529 possunt
3405 4456 3749 4527 supernatu-

2205 4543 2420 4605 raliter
2443 4544 2666 4605 amari.
2693 4547 2758 4603 et
2791 4542 2854 4603 in
2881 4543 3356 4623 comparatione
3381 4544 3638 4605 istorum
3663 4558 3746 4603 ac-

2205 4642 2384 4699 tuum
2419 4640 2550 4698 tota
2577 4635 2908 4697 difficultas
2929 4637 3238 4709 consistit;
3265 4655 3420 4697 nam
3445 4638 3630 4699 etism
3659 4636 3737 4695 liic

2205 4736 2386 4793 actus
2409 4729 2642 4790 amoris
2665 4728 2750 4789 ab
2777 4728 3003 4791 eadem
3027 4730 3330 4793 charitate
3353 4729 3618 4801 elicitur,
3636 4746 3737 4807 qua

2203 4824 2370 4885 Deus
2417 4840 2610 4900 super
2640 4823 2852 4883 omnia
2881 4820 3190 4901 diligitei-3
3225 4840 3386 4904 ergo
3415 4824 3631 4885 eadem
3655 4840 3737 4883 ra-

2202 4916 2376 4979 tione
2403 4913 2510 4976 ille
2533 4921 2710 4977 actus
2733 4914 3114 4977 adorationis
3139 4934 3180 4977 a
3199 4916 3432 4977 virtute
3455 4914 3738 4993 religionis

2202 5008 2522 5089 procedet.
2566 5010 2642 5071 Et
2687 5008 3122 5081 confirmatur,
3151 5008 3302 5089 quia
3353 5012 3553 5071 virtus
3589 5008 3736 5069 incli-

2201 5120 2364 5161 nans
2407 5100 2492 5161 ad
2525 5102 2854 5163 colendam
2885 5103 3294 5182 principalem
3331 5101 3730 5165 excellentiam

2203 5195 2472 5273 alicujus
2527 5194 2799 5279 ordinis,
2859 5202 3322 5276 consequenter
3373 5198 3620 5261 inclinat
3661 5193 3728 5255 ad

2203 5306 2426 5351 omnes
2455 5290 2966 5369 participationes
2989 5290 3276 5371 ejusdem
3309 5290 3578 5365 ordinis,
3605 5290 3722 5369 quia

2201 5382 2334 5443 baec
2357 5382 2446 5445 ita
2469 5390 2618 5444 sunt
2635 5384 2802 5445 inter
2825 5400 2896 5445 se
2919 5385 3279 5465 conjuncta,
3305 5392 3378 5447 ut
3402 5386 3498 5447 vix
3521 5381 3722 5464 possint

2199 5476 2468 5555 sejungi.
2499 5476 2680 5541 Unde
2705 5474 2778 5540 fit
2792 5520 2816 5554 ,
2845 5482 2918 5543 nt
2947 5476 3080 5542 fere
3113 5477 3354 5543 eisdem
3381 5477 3607 5543 actibus
3629 5492 3717 5536 ex-
