<?xml version="1.0" encoding="UTF-8"?>
<!DOCTYPE html PUBLIC "-//W3C//DTD XHTML 1.0 Transitional//EN"
    "http://www.w3.org/TR/xhtml1/DTD/xhtml1-transitional.dtd">
<html xmlns="http://www.w3.org/1999/xhtml" xml:lang="en" lang="en">
 <head>
  <title>
</title>
<meta http-equiv="Content-Type" content="text/html;charset=utf-8" />
  <meta name='ocr-system' content='tesseract 3.04.00' />
  <meta name='ocr-capabilities' content='ocr_page ocr_carea ocr_par ocr_line ocrx_word'/>
</head>
<body>
  <div class='ocr_page' id='page_1' title='image "./rpfranciscisuar00unkngoog_0572.png"; bbox 0 0 3892 6167; ppageno 0'>
   <div class='ocr_carea' id='block_1_1' title="bbox 604 322 2586 393">
    <p class='ocr_par' dir='ltr' id='par_1_1' title="bbox 604 322 2586 393">
     <span class='ocr_line' id='line_1_1' title="bbox 604 322 2586 393; baseline -0.009 0"><span class='ocrx_word' id='word_1_1' title='bbox 604 332 725 393; x_wconf 68' lang='lat'><strong>554</strong></span> <span class='ocrx_word' id='word_1_2' title='bbox 1828 325 2069 391; x_wconf 73' lang='lat' dir='ltr'><strong>QUAEST.</strong></span> <span class='ocrx_word' id='word_1_3' title='bbox 2101 322 2252 379; x_wconf 76' lang='lat' dir='ltr'><strong>XXV.</strong></span> <span class='ocrx_word' id='word_1_4' title='bbox 2286 322 2488 377; x_wconf 68' lang='lat' dir='ltr'>Ah&#39;flss.</span> <span class='ocrx_word' id='word_1_5' title='bbox 2521 324 2586 377; x_wconf 83' lang='lat' dir='ltr'><strong>u.</strong></span> 
     </span>
    </p>
   </div>
   <div class='ocr_carea' id='block_1_2' title="bbox 592 424 3785 5017">
    <p class='ocr_par' dir='ltr' id='par_1_2' title="bbox 592 424 3781 2674">
     <span class='ocr_line' id='line_1_2' title="bbox 604 424 3715 512; baseline -0.004 -12"><span class='ocrx_word' id='word_1_6' title='bbox 604 444 750 503; x_wconf 83' lang='lat' dir='ltr'><strong>noto</strong></span> <span class='ocrx_word' id='word_1_7' title='bbox 800 432 1257 509; x_wconf 81' lang='lat' dir='ltr'><strong>submissionis,</strong></span> <span class='ocrx_word' id='word_1_8' title='bbox 1316 431 1465 512; x_wconf 81' lang='lat' dir='ltr'><strong>quie</strong></span> <span class='ocrx_word' id='word_1_9' title='bbox 1502 430 1705 494; x_wconf 86' lang='lat' dir='ltr'><strong>tendit</strong></span> <span class='ocrx_word' id='word_1_10' title='bbox 1748 430 1815 491; x_wconf 85' lang='lat' dir='ltr'><strong>in</strong></span> <span class='ocrx_word' id='word_1_11' title='bbox 1858 429 2037 493; x_wconf 87' lang='lat' dir='ltr'><strong>illum</strong></span> <span class='ocrx_word' id='word_1_12' title='bbox 2093 434 2162 491; x_wconf 89' lang='lat' dir='ltr'><strong>ut</strong></span> <span class='ocrx_word' id='word_1_13' title='bbox 2241 427 2304 500; x_wconf 75' lang='lat' dir='ltr'><strong>l,</strong></span> <span class='ocrx_word' id='word_1_14' title='bbox 2329 430 2447 487; x_wconf 81' lang='lat' dir='ltr'><strong>art.</strong></span> <span class='ocrx_word' id='word_1_15' title='bbox 2475 428 2538 501; x_wconf 77' lang='lat'><strong>1,</strong></span> <span class='ocrx_word' id='word_1_16' title='bbox 2579 424 2948 505; x_wconf 75' lang='lat' dir='ltr'><strong>quaestiunc.</strong></span> <span class='ocrx_word' id='word_1_17' title='bbox 2978 427 3038 501; x_wconf 76' lang='lat'><strong>2,</strong></span> <span class='ocrx_word' id='word_1_18' title='bbox 3075 425 3183 487; x_wconf 88' lang='lat' dir='ltr'><strong>ubi</strong></span> <span class='ocrx_word' id='word_1_19' title='bbox 3209 426 3632 509; x_wconf 42' lang='lat' dir='ltr'><strong>&amp;aqueductu</strong></span> <span class='ocrx_word' id='word_1_20' title='bbox 3656 448 3715 511; x_wconf 67' lang='grc'><strong>1,,</strong></span> 
     </span>
     <span class='ocr_line' id='line_1_3' title="bbox 604 495 3771 619; baseline -0.001 -36"><span class='ocrx_word' id='word_1_21' title='bbox 604 531 937 611; x_wconf 61' lang='lat' dir='ltr'><strong>oequfllenL</strong></span> <span class='ocrx_word' id='word_1_22' title='bbox 2239 520 2364 583; x_wconf 70' lang='lat' dir='ltr'><strong>tria</strong></span> <span class='ocrx_word' id='word_1_23' title='bbox 2385 520 2454 579; x_wconf 84' lang='lat' dir='ltr'><strong>in</strong></span> <span class='ocrx_word' id='word_1_24' title='bbox 2481 536 2550 583; x_wconf 68' lang='lat' dir='ltr'><strong>Se</strong></span> <span class='ocrx_word' id='word_1_25' title='bbox 2571 519 2652 581; x_wconf 74' lang='lat' dir='ltr'><strong>Sit</strong></span> <span class='ocrx_word' id='word_1_26' title='bbox 2684 518 2976 599; x_wconf 71' lang='lat' dir='ltr'><strong>specialis</strong></span> <span class='ocrx_word' id='word_1_27' title='bbox 3001 519 3220 595; x_wconf 69' lang='lat' dir='ltr'><strong>Virtus,</strong></span> <span class='ocrx_word' id='word_1_28' title='bbox 3238 522 3384 601; x_wconf 69' lang='lat' dir='ltr'><strong>quia</strong></span> <span class='ocrx_word' id='word_1_29' title='bbox 3411 526 3576 593; x_wconf 76' lang='lat' dir='ltr'><strong>habet</strong></span> <span class='ocrx_word' id='word_1_30' title='bbox 3617 556 3716 619; x_wconf 60' lang='lat'>⁸1³0·</span> <span class='ocrx_word' id='word_1_31' title='bbox 3769 495 3771 581; x_wconf 44' lang='lat' dir='ltr'><strong>t</strong></span> 
     </span>
     <span class='ocr_line' id='line_1_4' title="bbox 592 612 3716 702; baseline -0.003 -13"><span class='ocrx_word' id='word_1_32' title='bbox 592 652 599 659; x_wconf 96' lang='lat'>·</span> <span class='ocrx_word' id='word_1_33' title='bbox 684 628 785 689; x_wconf 76' lang='lat'><strong>27.</strong></span> <span class='ocrx_word' id='word_1_34' title='bbox 828 623 1011 689; x_wconf 84' lang='lat' dir='ltr'><strong>Unde</strong></span> <span class='ocrx_word' id='word_1_35' title='bbox 1053 622 1281 685; x_wconf 81' lang='lat' dir='ltr'><strong>dicitur</strong></span> <span class='ocrx_word' id='word_1_36' title='bbox 1318 620 1621 694; x_wconf 80' lang='lat' dir='ltr'><strong>secunde,</strong></span> <span class='ocrx_word' id='word_1_37' title='bbox 1644 636 1901 683; x_wconf 88' lang='lat' dir='ltr'><strong>omnem</strong></span> <span class='ocrx_word' id='word_1_38' title='bbox 1949 624 2164 682; x_wconf 81' lang='lat' dir='ltr'><strong>ectum</strong></span> <span class='ocrx_word' id='word_1_39' title='bbox 2243 612 2466 677; x_wconf 78' lang='lat' dir='ltr'><strong>ciolem</strong></span> <span class='ocrx_word' id='word_1_40' title='bbox 2497 614 2808 677; x_wconf 83' lang='lat' dir='ltr'><strong>rationem</strong></span> <span class='ocrx_word' id='word_1_41' title='bbox 2855 613 3086 694; x_wconf 86' lang='lat' dir='ltr'><strong>objecti</strong></span> <span class='ocrx_word' id='word_1_42' title='bbox 3107 620 3172 677; x_wconf 87' lang='lat' dir='ltr'><strong>et</strong></span> <span class='ocrx_word' id='word_1_43' title='bbox 3201 621 3394 694; x_wconf 78' lang='lat' dir='ltr'><strong>actus,</strong></span> <span class='ocrx_word' id='word_1_44' title='bbox 3437 622 3650 702; x_wconf 65' lang='lat' dir='ltr'><strong>seilicet,</strong></span> <span class='ocrx_word' id='word_1_45' title='bbox 3673 646 3716 699; x_wconf 56' lang='grc' dir='ltr'><strong>,ῃ</strong></span> 
     </span>
     <span class='ocr_line' id='line_1_5' title="bbox 604 706 3716 795; baseline -0.003 -12"><span class='ocrx_word' id='word_1_46' title='bbox 604 720 845 785; x_wconf 81' lang='lat' dir='ltr'><strong>virtutis</strong></span> <span class='ocrx_word' id='word_1_47' title='bbox 858 724 987 783; x_wconf 81' lang='lat' dir='ltr'><strong>tom</strong></span> <span class='ocrx_word' id='word_1_48' title='bbox 1017 718 1333 779; x_wconf 86' lang='lat' dir='ltr'><strong>internum</strong></span> <span class='ocrx_word' id='word_1_49' title='bbox 1346 732 1536 795; x_wconf 81' lang='lat' dir='ltr'><strong>qnam</strong></span> <span class='ocrx_word' id='word_1_50' title='bbox 1566 719 1918 790; x_wconf 83' lang='lat' dir='ltr'><strong>externum,</strong></span> <span class='ocrx_word' id='word_1_51' title='bbox 1949 715 2015 777; x_wconf 89' lang='lat' dir='ltr'><strong>in</strong></span> <span class='ocrx_word' id='word_1_52' title='bbox 2035 729 2162 795; x_wconf 84' lang='lat' dir='ltr'><strong>quo</strong></span> <span class='ocrx_word' id='word_1_53' title='bbox 2245 706 2618 771; x_wconf 75' lang='lat' dir='ltr'><strong>exhiheatur</strong></span> <span class='ocrx_word' id='word_1_54' title='bbox 2635 706 2876 787; x_wconf 78' lang='lat' dir='ltr'><strong>aliquid</strong></span> <span class='ocrx_word' id='word_1_55' title='bbox 2900 708 3032 771; x_wconf 89' lang='lat' dir='ltr'><strong>Deo</strong></span> <span class='ocrx_word' id='word_1_56' title='bbox 3061 709 3128 771; x_wconf 82' lang='lat' dir='ltr'><strong>in</strong></span> <span class='ocrx_word' id='word_1_57' title='bbox 3155 713 3610 789; x_wconf 70' lang='lat' dir='ltr'><strong>recognitionem</strong></span> <span class='ocrx_word' id='word_1_58' title='bbox 3628 743 3716 787; x_wconf 63' lang='lat' dir='ltr'><strong>ser.</strong></span> 
     </span>
     <span class='ocr_line' id='line_1_6' title="bbox 602 800 3717 894; baseline 0.001 -17"><span class='ocrx_word' id='word_1_59' title='bbox 602 816 793 878; x_wconf 81' lang='lat' dir='ltr'><strong>suerit</strong></span> <span class='ocrx_word' id='word_1_60' title='bbox 819 812 1141 894; x_wconf 84' lang='lat' dir='ltr'><strong>proportio</strong></span> <span class='ocrx_word' id='word_1_61' title='bbox 1188 809 1395 889; x_wconf 77' lang='lat' dir='ltr'><strong>aliquo</strong></span> <span class='ocrx_word' id='word_1_62' title='bbox 1446 809 1527 871; x_wconf 82' lang='lat' dir='ltr'><strong>ad</strong></span> <span class='ocrx_word' id='word_1_63' title='bbox 1560 808 2042 888; x_wconf 77' lang='lat' dir='ltr'><strong>significandam</strong></span> <span class='ocrx_word' id='word_1_64' title='bbox 2101 828 2165 873; x_wconf 78' lang='lat' dir='ltr'><strong>a·</strong></span> <span class='ocrx_word' id='word_1_65' title='bbox 2244 800 2480 878; x_wconf 63' lang='lat' dir='ltr'><strong>Vitatis,</strong></span> <span class='ocrx_word' id='word_1_66' title='bbox 2511 808 2724 883; x_wconf 71' lang='lat' dir='ltr'><strong>potest</strong></span> <span class='ocrx_word' id='word_1_67' title='bbox 2743 810 2958 867; x_wconf 72' lang='lat' dir='ltr'><strong>tamen</strong></span> <span class='ocrx_word' id='word_1_68' title='bbox 2979 802 3105 867; x_wconf 76' lang='lat' dir='ltr'><strong>dici</strong></span> <span class='ocrx_word' id='word_1_69' title='bbox 3133 807 3462 886; x_wconf 75' lang='lat' dir='ltr'><strong>generalis,</strong></span> <span class='ocrx_word' id='word_1_70' title='bbox 3487 824 3717 890; x_wconf 80' lang='lat' dir='ltr'><strong>quantum</strong></span> 
     </span>
     <span class='ocr_line' id='line_1_7' title="bbox 606 895 3718 983; baseline 0.002 -12"><span class='ocrx_word' id='word_1_71' title='bbox 606 907 765 971; x_wconf 87' lang='lat' dir='ltr'><strong>nimi</strong></span> <span class='ocrx_word' id='word_1_72' title='bbox 792 904 1294 980; x_wconf 77' lang='lat' dir='ltr'><strong>submissionem,</strong></span> <span class='ocrx_word' id='word_1_73' title='bbox 1326 920 1513 983; x_wconf 87' lang='lat' dir='ltr'><strong>posse</strong></span> <span class='ocrx_word' id='word_1_74' title='bbox 1553 920 1688 965; x_wconf 84' lang='lat' dir='ltr'><strong>esse</strong></span> <span class='ocrx_word' id='word_1_75' title='bbox 1731 904 2048 983; x_wconf 86' lang='lat' dir='ltr'><strong>objectum</strong></span> <span class='ocrx_word' id='word_1_76' title='bbox 2103 909 2165 967; x_wconf 88' lang='lat' dir='ltr'><strong>et</strong></span> <span class='ocrx_word' id='word_1_77' title='bbox 2245 895 2327 957; x_wconf 77' lang='lat' dir='ltr'><strong>ad</strong></span> <span class='ocrx_word' id='word_1_78' title='bbox 2358 895 2482 959; x_wconf 78' lang='lat' dir='ltr'><strong>hoc</strong></span> <span class='ocrx_word' id='word_1_79' title='bbox 2525 896 2698 977; x_wconf 84' lang='lat' dir='ltr'><strong>quod</strong></span> <span class='ocrx_word' id='word_1_80' title='bbox 2721 898 2918 959; x_wconf 86' lang='lat' dir='ltr'><strong>utitur</strong></span> <span class='ocrx_word' id='word_1_81' title='bbox 2945 897 3188 961; x_wconf 81' lang='lat' dir='ltr'><strong>actibus</strong></span> <span class='ocrx_word' id='word_1_82' title='bbox 3223 899 3478 965; x_wconf 76' lang='lat' dir='ltr'><strong>aliarum</strong></span> <span class='ocrx_word' id='word_1_83' title='bbox 3495 906 3718 975; x_wconf 75' lang='lat' dir='ltr'><strong>virtutum</strong></span> 
     </span>
     <span class='ocr_line' id='line_1_8' title="bbox 606 986 3773 1079; baseline 0.001 -16"><span class='ocrx_word' id='word_1_84' title='bbox 606 1002 937 1065; x_wconf 80' lang='lat' dir='ltr'><strong>materiam</strong></span> <span class='ocrx_word' id='word_1_85' title='bbox 956 999 1121 1061; x_wconf 80' lang='lat' dir='ltr'><strong>circe</strong></span> <span class='ocrx_word' id='word_1_86' title='bbox 1152 1016 1341 1078; x_wconf 79' lang='lat' dir='ltr'><strong>quem</strong></span> <span class='ocrx_word' id='word_1_87' title='bbox 1362 998 1645 1079; x_wconf 79' lang='lat' dir='ltr'><strong>proxime</strong></span> <span class='ocrx_word' id='word_1_88' title='bbox 1690 1004 1978 1061; x_wconf 79' lang='lat' dir='ltr'><strong>versetur</strong></span> <span class='ocrx_word' id='word_1_89' title='bbox 2007 998 2162 1061; x_wconf 87' lang='lat' dir='ltr'><strong>inte·</strong></span> <span class='ocrx_word' id='word_1_90' title='bbox 2245 989 2658 1053; x_wconf 72' lang='lat' dir='ltr'><strong>materialiter</strong></span> <span class='ocrx_word' id='word_1_91' title='bbox 2685 990 2806 1053; x_wconf 80' lang='lat' dir='ltr'><strong>sub</strong></span> <span class='ocrx_word' id='word_1_92' title='bbox 2827 989 3122 1072; x_wconf 79' lang='lat' dir='ltr'><strong>praedicta</strong></span> <span class='ocrx_word' id='word_1_93' title='bbox 3167 994 3410 1057; x_wconf 77' lang='lat' dir='ltr'><strong>ratione</strong></span> <span class='ocrx_word' id='word_1_94' title='bbox 3435 1002 3630 1078; x_wconf 80' lang='lat' dir='ltr'><strong>proprii</strong></span> <span class='ocrx_word' id='word_1_95' title='bbox 3647 1006 3720 1066; x_wconf 81' lang='lat' dir='ltr'><strong>ob-</strong></span> <span class='ocrx_word' id='word_1_96' title='bbox 3772 986 3773 999; x_wconf 42' lang='lat'>¹</span> 
     </span>
     <span class='ocr_line' id='line_1_9' title="bbox 608 1082 3718 1169; baseline 0.001 -12"><span class='ocrx_word' id='word_1_97' title='bbox 608 1097 738 1157; x_wconf 82' lang='lat' dir='ltr'><strong>rior</strong></span> <span class='ocrx_word' id='word_1_98' title='bbox 774 1094 1033 1156; x_wconf 78' lang='lat' dir='ltr'><strong>affectus</strong></span> <span class='ocrx_word' id='word_1_99' title='bbox 1056 1091 1465 1169; x_wconf 77' lang='lat' dir='ltr'><strong>odorationis,</strong></span> <span class='ocrx_word' id='word_1_100' title='bbox 1510 1092 1642 1153; x_wconf 83' lang='lat' dir='ltr'><strong>sive</strong></span> <span class='ocrx_word' id='word_1_101' title='bbox 1688 1092 1753 1152; x_wconf 90' lang='lat' dir='ltr'><strong>in</strong></span> <span class='ocrx_word' id='word_1_102' title='bbox 1781 1090 1888 1155; x_wconf 79' lang='lat' dir='ltr'><strong>tuli</strong></span> <span class='ocrx_word' id='word_1_103' title='bbox 1914 1094 2060 1155; x_wconf 81' lang='lat' dir='ltr'><strong>actu</strong></span> <span class='ocrx_word' id='word_1_104' title='bbox 2089 1092 2170 1155; x_wconf 85' lang='lat' dir='ltr'><strong>sit</strong></span> <span class='ocrx_word' id='word_1_105' title='bbox 2245 1082 2418 1162; x_wconf 72' lang='lat' dir='ltr'><strong>jecti-</strong></span> <span class='ocrx_word' id='word_1_106' title='bbox 2451 1083 2594 1160; x_wconf 88' lang='lat' dir='ltr'><strong>Ubi,</strong></span> <span class='ocrx_word' id='word_1_107' title='bbox 2629 1102 2775 1145; x_wconf 86' lang='lat' dir='ltr'><strong>cum</strong></span> <span class='ocrx_word' id='word_1_108' title='bbox 2807 1084 3242 1148; x_wconf 81' lang='lat' dir='ltr'><strong>indifferenter</strong></span> <span class='ocrx_word' id='word_1_109' title='bbox 3269 1086 3388 1149; x_wconf 87' lang='lat' dir='ltr'><strong>hoc</strong></span> <span class='ocrx_word' id='word_1_110' title='bbox 3411 1088 3718 1159; x_wconf 77' lang='lat' dir='ltr'><strong>tribnataliis</strong></span> 
     </span>
     <span class='ocr_line' id='line_1_10' title="bbox 608 1176 3720 1266; baseline 0.001 -15"><span class='ocrx_word' id='word_1_111' title='bbox 608 1190 731 1252; x_wconf 79' lang='lat' dir='ltr'><strong>alin</strong></span> <span class='ocrx_word' id='word_1_112' title='bbox 781 1190 1076 1251; x_wconf 79' lang='lat' dir='ltr'><strong>honestus</strong></span> <span class='ocrx_word' id='word_1_113' title='bbox 1130 1186 1213 1250; x_wconf 83' lang='lat' dir='ltr'><strong>ad</strong></span> <span class='ocrx_word' id='word_1_114' title='bbox 1266 1187 1455 1249; x_wconf 80' lang='lat' dir='ltr'><strong>aliem</strong></span> <span class='ocrx_word' id='word_1_115' title='bbox 1504 1186 1795 1248; x_wconf 83' lang='lat' dir='ltr'><strong>virtutem</strong></span> <span class='ocrx_word' id='word_1_116' title='bbox 1850 1192 2164 1266; x_wconf 76' lang='lat' dir='ltr'><strong>spectans,</strong></span> <span class='ocrx_word' id='word_1_117' title='bbox 2248 1176 2608 1255; x_wconf 49' lang='lat' dir='ltr'><strong>Virtutum&amp;</strong></span> <span class='ocrx_word' id='word_1_118' title='bbox 2625 1178 2879 1241; x_wconf 83' lang='lat' dir='ltr'><strong>videtur</strong></span> <span class='ocrx_word' id='word_1_119' title='bbox 2903 1178 3140 1243; x_wconf 85' lang='lat' dir='ltr'><strong>sentire</strong></span> <span class='ocrx_word' id='word_1_120' title='bbox 3165 1179 3292 1242; x_wconf 83' lang='lat' dir='ltr'><strong>hoc</strong></span> <span class='ocrx_word' id='word_1_121' title='bbox 3313 1198 3720 1253; x_wconf 80' lang='lat' dir='ltr'><strong>essecommuue</strong></span> 
     </span>
     <span class='ocr_line' id='line_1_11' title="bbox 606 1271 3722 1361; baseline -0 -16"><span class='ocrx_word' id='word_1_122' title='bbox 606 1285 734 1345; x_wconf 87' lang='lat' dir='ltr'><strong>sive</strong></span> <span class='ocrx_word' id='word_1_123' title='bbox 785 1300 911 1345; x_wconf 91' lang='lat' dir='ltr'><strong>non</strong></span> <span class='ocrx_word' id='word_1_124' title='bbox 937 1299 954 1355; x_wconf 89' lang='lat'><strong>;</strong></span> <span class='ocrx_word' id='word_1_125' title='bbox 1004 1281 1175 1361; x_wconf 80' lang='lat' dir='ltr'><strong>quia,</strong></span> <span class='ocrx_word' id='word_1_126' title='bbox 1244 1287 1313 1344; x_wconf 86' lang='lat' dir='ltr'><strong>ut</strong></span> <span class='ocrx_word' id='word_1_127' title='bbox 1366 1279 1793 1360; x_wconf 77' lang='lat' dir='ltr'><strong>probavimus,</strong></span> <span class='ocrx_word' id='word_1_128' title='bbox 1848 1280 2168 1343; x_wconf 87' lang='lat' dir='ltr'><strong>concomi-</strong></span> <span class='ocrx_word' id='word_1_129' title='bbox 2251 1271 2566 1335; x_wconf 65' lang='lat' dir='ltr'><strong>Omnibm·</strong></span> <span class='ocrx_word' id='word_1_130' title='bbox 2593 1272 2773 1345; x_wconf 82' lang='lat' dir='ltr'><strong>Quod</strong></span> <span class='ocrx_word' id='word_1_131' title='bbox 2793 1272 3064 1354; x_wconf 81' lang='lat' dir='ltr'><strong>amplius</strong></span> <span class='ocrx_word' id='word_1_132' title='bbox 3101 1272 3350 1337; x_wconf 77' lang='lat' dir='ltr'><strong>videtur</strong></span> <span class='ocrx_word' id='word_1_133' title='bbox 3371 1276 3560 1357; x_wconf 77' lang='lat' dir='ltr'><strong>colligi</strong></span> <span class='ocrx_word' id='word_1_134' title='bbox 3581 1282 3722 1359; x_wconf 66' lang='lat' dir='ltr'><strong>exfso-</strong></span> 
     </span>
     <span class='ocr_line' id='line_1_12' title="bbox 608 1364 3775 1457; baseline 0.002 -18"><span class='ocrx_word' id='word_1_135' title='bbox 608 1376 805 1439; x_wconf 78' lang='lat' dir='ltr'><strong>tantia</strong></span> <span class='ocrx_word' id='word_1_136' title='bbox 832 1376 927 1454; x_wconf 87' lang='lat' dir='ltr'><strong>(nt</strong></span> <span class='ocrx_word' id='word_1_137' title='bbox 964 1376 1055 1437; x_wconf 86' lang='lat' dir='ltr'><strong>sic</strong></span> <span class='ocrx_word' id='word_1_138' title='bbox 1094 1374 1321 1457; x_wconf 81' lang='lat' dir='ltr'><strong>dicam)</strong></span> <span class='ocrx_word' id='word_1_139' title='bbox 1360 1375 1619 1439; x_wconf 80' lang='lat' dir='ltr'><strong>alterius</strong></span> <span class='ocrx_word' id='word_1_140' title='bbox 1660 1374 2004 1437; x_wconf 78' lang='lat' dir='ltr'><strong>honestetis</strong></span> <span class='ocrx_word' id='word_1_141' title='bbox 2033 1393 2163 1437; x_wconf 91' lang='lat' dir='ltr'><strong>non</strong></span> <span class='ocrx_word' id='word_1_142' title='bbox 2247 1364 2490 1429; x_wconf 63' lang='lat' dir='ltr'><strong>latione</strong></span> <span class='ocrx_word' id='word_1_143' title='bbox 2519 1365 2604 1427; x_wconf 62' lang='lat' dir='ltr'><strong>ad</strong></span> <span class='ocrx_word' id='word_1_144' title='bbox 2627 1366 2906 1445; x_wconf 61' lang='lat' dir='ltr'><strong>tertium,</strong></span> <span class='ocrx_word' id='word_1_145' title='bbox 2941 1367 3048 1429; x_wconf 72' lang='lat' dir='ltr'><strong>Ubi</strong></span> <span class='ocrx_word' id='word_1_146' title='bbox 3069 1368 3156 1429; x_wconf 65' lang='lat'><strong>⁸5¹</strong></span> <span class='ocrx_word' id='word_1_147' title='bbox 3193 1374 3372 1431; x_wconf 58' lang='lat'>&amp;⁰1⁰³</span> <span class='ocrx_word' id='word_1_148' title='bbox 3411 1369 3630 1433; x_wconf 61' lang='lat' dir='ltr'><strong>aliarum</strong></span> <span class='ocrx_word' id='word_1_149' title='bbox 3645 1376 3724 1437; x_wconf 63' lang='lat' dir='ltr'><strong>Vir-</strong></span> <span class='ocrx_word' id='word_1_150' title='bbox 3774 1382 3775 1385; x_wconf 71' lang='grc'>’</span> 
     </span>
     <span class='ocr_line' id='line_1_13' title="bbox 606 1460 3721 1551; baseline 0.002 -21"><span class='ocrx_word' id='word_1_151' title='bbox 606 1474 814 1551; x_wconf 84' lang='lat' dir='ltr'><strong>potest</strong></span> <span class='ocrx_word' id='word_1_152' title='bbox 836 1468 1137 1548; x_wconf 87' lang='lat' dir='ltr'><strong>impedire</strong></span> <span class='ocrx_word' id='word_1_153' title='bbox 1167 1469 1505 1547; x_wconf 84' lang='lat' dir='ltr'><strong>quominus</strong></span> <span class='ocrx_word' id='word_1_154' title='bbox 1542 1476 1717 1532; x_wconf 85' lang='lat' dir='ltr'><strong>actus</strong></span> <span class='ocrx_word' id='word_1_155' title='bbox 1770 1474 2060 1531; x_wconf 79' lang='lat' dir='ltr'><strong>sumatur</strong></span> <span class='ocrx_word' id='word_1_156' title='bbox 2097 1475 2166 1532; x_wconf 87' lang='lat' dir='ltr'><strong>ut</strong></span> <span class='ocrx_word' id='word_1_157' title='bbox 2247 1462 2476 1537; x_wconf 65' lang='lat' dir='ltr'><strong>lutum,</strong></span> <span class='ocrx_word' id='word_1_158' title='bbox 2501 1460 2854 1523; x_wconf 66' lang='grc' dir='ltr'><strong>8600ῡᾶοω</strong></span> <span class='ocrx_word' id='word_1_159' title='bbox 2879 1461 3053 1541; x_wconf 72' lang='lat' dir='ltr'><strong>quod</strong></span> <span class='ocrx_word' id='word_1_160' title='bbox 3088 1463 3156 1523; x_wconf 76' lang='lat' dir='ltr'><strong>in</strong></span> <span class='ocrx_word' id='word_1_161' title='bbox 3189 1461 3451 1543; x_wconf 78' lang='lat' dir='ltr'><strong>gloriam</strong></span> <span class='ocrx_word' id='word_1_162' title='bbox 3476 1465 3570 1525; x_wconf 69' lang='lat' dir='ltr'><strong>Dei</strong></span> <span class='ocrx_word' id='word_1_163' title='bbox 3595 1466 3721 1532; x_wconf 70' lang='lat' dir='ltr'><strong>fiunt.</strong></span> 
     </span>
     <span class='ocr_line' id='line_1_14' title="bbox 606 1554 3722 1642; baseline 0.001 -19"><span class='ocrx_word' id='word_1_164' title='bbox 606 1567 757 1623; x_wconf 77' lang='lat' dir='ltr'><strong>nota</strong></span> <span class='ocrx_word' id='word_1_165' title='bbox 784 1560 1132 1638; x_wconf 85' lang='lat' dir='ltr'><strong>honoris,si</strong></span> <span class='ocrx_word' id='word_1_166' title='bbox 1148 1561 1405 1625; x_wconf 79' lang='lat' dir='ltr'><strong>aliunde</strong></span> <span class='ocrx_word' id='word_1_167' title='bbox 1420 1562 1887 1642; x_wconf 78' lang='lat' dir='ltr'><strong>proportionem</strong></span> <span class='ocrx_word' id='word_1_168' title='bbox 1906 1562 2160 1627; x_wconf 81' lang='lat' dir='ltr'><strong>hebeat.</strong></span> <span class='ocrx_word' id='word_1_169' title='bbox 2247 1555 2338 1617; x_wconf 84' lang='lat' dir='ltr'><strong>sic</strong></span> <span class='ocrx_word' id='word_1_170' title='bbox 2375 1554 2790 1617; x_wconf 72' lang='lat' dir='ltr'><strong>materialiter</strong></span> <span class='ocrx_word' id='word_1_171' title='bbox 2825 1556 3062 1617; x_wconf 77' lang='lat' dir='ltr'><strong>assumi</strong></span> <span class='ocrx_word' id='word_1_172' title='bbox 3111 1572 3148 1617; x_wconf 83' lang='lat' dir='ltr'><strong>s</strong></span> <span class='ocrx_word' id='word_1_173' title='bbox 3183 1554 3392 1618; x_wconf 66' lang='lat' dir='ltr'><strong>latria.</strong></span> <span class='ocrx_word' id='word_1_174' title='bbox 3423 1558 3491 1621; x_wconf 86' lang='lat' dir='ltr'><strong>Et</strong></span> <span class='ocrx_word' id='word_1_175' title='bbox 3515 1560 3722 1625; x_wconf 74' lang='lat' dir='ltr'><strong>eamdem</strong></span> 
     </span>
     <span class='ocr_line' id='line_1_15' title="bbox 608 1646 3722 1731; baseline 0 -14"><span class='ocrx_word' id='word_1_176' title='bbox 608 1655 787 1731; x_wconf 85' lang='lat' dir='ltr'><strong>Quod</strong></span> <span class='ocrx_word' id='word_1_177' title='bbox 810 1656 873 1717; x_wconf 87' lang='lat' dir='ltr'><strong>in</strong></span> <span class='ocrx_word' id='word_1_178' title='bbox 892 1652 1133 1719; x_wconf 78' lang='lat' dir='ltr'><strong>actibus</strong></span> <span class='ocrx_word' id='word_1_179' title='bbox 1158 1657 1347 1718; x_wconf 83' lang='lat' dir='ltr'><strong>etiem</strong></span> <span class='ocrx_word' id='word_1_180' title='bbox 1368 1656 1781 1719; x_wconf 80' lang='lat' dir='ltr'><strong>exterioribus</strong></span> <span class='ocrx_word' id='word_1_181' title='bbox 1806 1674 2065 1720; x_wconf 88' lang='lat' dir='ltr'><strong>cernere</strong></span> <span class='ocrx_word' id='word_1_182' title='bbox 2092 1657 2166 1719; x_wconf 87' lang='lat' dir='ltr'><strong>li·</strong></span> <span class='ocrx_word' id='word_1_183' title='bbox 2247 1646 2384 1713; x_wconf 70' lang='lat' dir='ltr'><strong>fere</strong></span> <span class='ocrx_word' id='word_1_184' title='bbox 2411 1648 2760 1711; x_wconf 71' lang='lat' dir='ltr'><strong>doctrinam</strong></span> <span class='ocrx_word' id='word_1_185' title='bbox 2793 1649 2988 1713; x_wconf 64' lang='lat' dir='ltr'><strong>habet</strong></span> <span class='ocrx_word' id='word_1_186' title='bbox 3013 1653 3077 1713; x_wconf 76' lang='lat'><strong>2·</strong></span> <span class='ocrx_word' id='word_1_187' title='bbox 3131 1652 3197 1727; x_wconf 73' lang='lat'><strong>2,</strong></span> <span class='ocrx_word' id='word_1_188' title='bbox 3251 1656 3470 1731; x_wconf 63' lang='lat' dir='ltr'><strong>quoesst·</strong></span> <span class='ocrx_word' id='word_1_189' title='bbox 3511 1654 3624 1729; x_wconf 78' lang='lat'><strong>1⁰8,</strong></span> <span class='ocrx_word' id='word_1_190' title='bbox 3645 1664 3722 1719; x_wconf 76' lang='lat' dir='ltr'><strong>art.</strong></span> 
     </span>
     <span class='ocr_line' id='line_1_16' title="bbox 611 1741 3777 1831; baseline 0.001 -20"><span class='ocrx_word' id='word_1_191' title='bbox 611 1756 709 1811; x_wconf 89' lang='lat' dir='ltr'><strong>cet</strong></span> <span class='ocrx_word' id='word_1_192' title='bbox 730 1765 752 1828; x_wconf 83' lang='lat'><em>3</em></span> <span class='ocrx_word' id='word_1_193' title='bbox 776 1768 943 1824; x_wconf 77' lang='lat' dir='ltr'><strong>nam,</strong></span> <span class='ocrx_word' id='word_1_194' title='bbox 970 1750 1146 1811; x_wconf 76' lang='lat' dir='ltr'><strong>verbi</strong></span> <span class='ocrx_word' id='word_1_195' title='bbox 1182 1749 1407 1829; x_wconf 80' lang='lat' dir='ltr'><strong>gratie,</strong></span> <span class='ocrx_word' id='word_1_196' title='bbox 1440 1750 1673 1830; x_wconf 86' lang='lat' dir='ltr'><strong>proprii</strong></span> <span class='ocrx_word' id='word_1_197' title='bbox 1712 1753 1993 1831; x_wconf 88' lang='lat' dir='ltr'><strong>corporis</strong></span> <span class='ocrx_word' id='word_1_198' title='bbox 2039 1770 2168 1815; x_wconf 78' lang='lat' dir='ltr'><strong>cas·</strong></span> <span class='ocrx_word' id='word_1_199' title='bbox 2247 1748 2311 1820; x_wconf 76' lang='grc'><strong>4,</strong></span> <span class='ocrx_word' id='word_1_200' title='bbox 2343 1744 2427 1806; x_wconf 71' lang='lat' dir='ltr'><strong>ad</strong></span> <span class='ocrx_word' id='word_1_201' title='bbox 2469 1746 2748 1825; x_wconf 74' lang='lat' dir='ltr'><strong>primum</strong></span> <span class='ocrx_word' id='word_1_202' title='bbox 2773 1748 2836 1809; x_wconf 72' lang='lat' dir='ltr'><strong>et</strong></span> <span class='ocrx_word' id='word_1_203' title='bbox 2859 1745 3238 1823; x_wconf 73' lang='lat' dir='ltr'><strong>secundum,</strong></span> <span class='ocrx_word' id='word_1_204' title='bbox 3273 1746 3427 1807; x_wconf 83' lang='lat' dir='ltr'><strong>etin</strong></span> <span class='ocrx_word' id='word_1_205' title='bbox 3473 1754 3574 1809; x_wconf 80' lang='lat' dir='ltr'><strong>art.</strong></span> <span class='ocrx_word' id='word_1_206' title='bbox 3599 1752 3642 1823; x_wconf 76' lang='grc' dir='ltr'><strong>Ι,</strong></span> <span class='ocrx_word' id='word_1_207' title='bbox 3673 1753 3726 1814; x_wconf 66' lang='lat' dir='ltr'><strong>ad</strong></span> <span class='ocrx_word' id='word_1_208' title='bbox 3776 1741 3777 1757; x_wconf 50' lang='lat'>¹</span> 
     </span>
     <span class='ocr_line' id='line_1_17' title="bbox 608 1839 3726 1925; baseline 0.003 -20"><span class='ocrx_word' id='word_1_209' title='bbox 608 1842 830 1921; x_wconf 74' lang='lat' dir='ltr'><strong>tigano</strong></span> <span class='ocrx_word' id='word_1_210' title='bbox 856 1861 935 1913; x_wconf 74' lang='lat' dir='ltr'><strong>ex</strong></span> <span class='ocrx_word' id='word_1_211' title='bbox 964 1860 1035 1906; x_wconf 79' lang='lat' dir='ltr'><strong>so</strong></span> <span class='ocrx_word' id='word_1_212' title='bbox 1072 1842 1263 1905; x_wconf 79' lang='lat' dir='ltr'><strong>hahet</strong></span> <span class='ocrx_word' id='word_1_213' title='bbox 1300 1842 1695 1906; x_wconf 79' lang='lat' dir='ltr'><strong>honestatem</strong></span> <span class='ocrx_word' id='word_1_214' title='bbox 1751 1844 2163 1924; x_wconf 71' lang='lat' dir='ltr'><strong>poenitentias,</strong></span> <span class='ocrx_word' id='word_1_215' title='bbox 2249 1840 2545 1919; x_wconf 81' lang='lat' dir='ltr'><strong>primum,</strong></span> <span class='ocrx_word' id='word_1_216' title='bbox 2577 1840 2670 1901; x_wconf 84' lang='lat' dir='ltr'><strong>ita</strong></span> <span class='ocrx_word' id='word_1_217' title='bbox 2707 1839 2982 1920; x_wconf 76' lang='lat' dir='ltr'><strong>explicat</strong></span> <span class='ocrx_word' id='word_1_218' title='bbox 3011 1840 3170 1903; x_wconf 83' lang='lat' dir='ltr'><strong>illud</strong></span> <span class='ocrx_word' id='word_1_219' title='bbox 3207 1840 3425 1903; x_wconf 76' lang='lat' dir='ltr'><strong>Jacobi</strong></span> <span class='ocrx_word' id='word_1_220' title='bbox 3455 1844 3522 1904; x_wconf 81' lang='lat'><strong>1:</strong></span> <span class='ocrx_word' id='word_1_221' title='bbox 3555 1843 3726 1925; x_wconf 55' lang='lat' dir='ltr'><strong>Raeto</strong></span> 
     </span>
     <span class='ocr_line' id='line_1_18' title="bbox 610 1934 3722 2018; baseline 0.004 -21"><span class='ocrx_word' id='word_1_222' title='bbox 610 1942 675 1997; x_wconf 90' lang='lat' dir='ltr'><strong>et</strong></span> <span class='ocrx_word' id='word_1_223' title='bbox 702 1934 1113 1999; x_wconf 84' lang='lat' dir='ltr'><strong>nihilominus</strong></span> <span class='ocrx_word' id='word_1_224' title='bbox 1132 1936 1439 1999; x_wconf 78' lang='lat' dir='ltr'><strong>rationem</strong></span> <span class='ocrx_word' id='word_1_225' title='bbox 1478 1937 1861 2000; x_wconf 83' lang='lat' dir='ltr'><strong>odorationis</strong></span> <span class='ocrx_word' id='word_1_226' title='bbox 1902 1938 2166 2002; x_wconf 89' lang='lat' dir='ltr'><strong>induere</strong></span> <span class='ocrx_word' id='word_1_227' title='bbox 2249 1934 2471 1996; x_wconf 68' lang='lat' dir='ltr'><strong>munda</strong></span> <span class='ocrx_word' id='word_1_228' title='bbox 2517 1938 2578 1998; x_wconf 64' lang='lat' dir='ltr'><strong>et</strong></span> <span class='ocrx_word' id='word_1_229' title='bbox 2618 1934 3038 2009; x_wconf 60' lang='lat' dir='ltr'><strong>immaculata,</strong></span> <span class='ocrx_word' id='word_1_230' title='bbox 3067 1936 3333 1999; x_wconf 61' lang='lat' dir='ltr'><strong>visitare!</strong></span> <span class='ocrx_word' id='word_1_231' title='bbox 3351 1936 3608 2018; x_wconf 61' lang='grc' dir='ltr'><strong>ΡΝΡὶίῑθθ,</strong></span> <span class='ocrx_word' id='word_1_232' title='bbox 3643 1946 3722 1999; x_wconf 64' lang='lat'><strong>91⁰-</strong></span> 
     </span>
     <span class='ocr_line' id='line_1_19' title="bbox 608 2026 3724 2110; baseline 0.001 -21"><span class='ocrx_word' id='word_1_233' title='bbox 608 2030 839 2109; x_wconf 83' lang='lat' dir='ltr'><strong>potest,</strong></span> <span class='ocrx_word' id='word_1_234' title='bbox 870 2029 923 2090; x_wconf 89' lang='lat' dir='ltr'><strong>si</strong></span> <span class='ocrx_word' id='word_1_235' title='bbox 949 2028 1253 2091; x_wconf 77' lang='lat' dir='ltr'><strong>efficiatur</strong></span> <span class='ocrx_word' id='word_1_236' title='bbox 1270 2028 1353 2091; x_wconf 82' lang='lat' dir='ltr'><strong>ad</strong></span> <span class='ocrx_word' id='word_1_237' title='bbox 1379 2029 1837 2109; x_wconf 85' lang='lat' dir='ltr'><strong>subjiciendum</strong></span> <span class='ocrx_word' id='word_1_238' title='bbox 1877 2032 2008 2093; x_wconf 90' lang='lat' dir='ltr'><strong>Deo</strong></span> <span class='ocrx_word' id='word_1_239' title='bbox 2038 2050 2172 2095; x_wconf 86' lang='lat' dir='ltr'><strong>cor·</strong></span> <span class='ocrx_word' id='word_1_240' title='bbox 2252 2026 2346 2089; x_wconf 81' lang='lat' dir='ltr'><strong>Ex</strong></span> <span class='ocrx_word' id='word_1_241' title='bbox 2373 2026 2602 2107; x_wconf 81' lang='lat' dir='ltr'><strong>quibus</strong></span> <span class='ocrx_word' id='word_1_242' title='bbox 2641 2028 2852 2091; x_wconf 81' lang='lat' dir='ltr'><strong>verbis</strong></span> <span class='ocrx_word' id='word_1_243' title='bbox 2901 2028 3111 2110; x_wconf 79' lang='lat' dir='ltr'><strong>colligi</strong></span> <span class='ocrx_word' id='word_1_244' title='bbox 3163 2028 3358 2091; x_wconf 82' lang='lat' dir='ltr'><strong>etiam</strong></span> <span class='ocrx_word' id='word_1_245' title='bbox 3405 2034 3585 2108; x_wconf 86' lang='lat' dir='ltr'><strong>potest</strong></span> <span class='ocrx_word' id='word_1_246' title='bbox 3621 2034 3724 2091; x_wconf 81' lang='lat' dir='ltr'><strong>ratio</strong></span> 
     </span>
     <span class='ocr_line' id='line_1_20' title="bbox 608 2120 3720 2202; baseline 0.001 -19"><span class='ocrx_word' id='word_1_247' title='bbox 608 2139 731 2201; x_wconf 84' lang='lat' dir='ltr'><strong>pus</strong></span> <span class='ocrx_word' id='word_1_248' title='bbox 754 2121 1079 2201; x_wconf 87' lang='lat' dir='ltr'><strong>proprium</strong></span> <span class='ocrx_word' id='word_1_249' title='bbox 1096 2123 1160 2183; x_wconf 88' lang='lat' dir='ltr'><strong>in</strong></span> <span class='ocrx_word' id='word_1_250' title='bbox 1184 2122 1323 2202; x_wconf 86' lang='lat' dir='ltr'><strong>ejus</strong></span> <span class='ocrx_word' id='word_1_251' title='bbox 1343 2123 1815 2187; x_wconf 70' lang='lat' dir='ltr'><strong>venerationem</strong></span> <span class='ocrx_word' id='word_1_252' title='bbox 1840 2146 1859 2201; x_wconf 83' lang='lat'>3</span> <span class='ocrx_word' id='word_1_253' title='bbox 1884 2132 1944 2187; x_wconf 92' lang='lat' dir='ltr'><strong>et</strong></span> <span class='ocrx_word' id='word_1_254' title='bbox 1965 2144 2002 2188; x_wconf 92' lang='lat' dir='ltr'><strong>e</strong></span> <span class='ocrx_word' id='word_1_255' title='bbox 2027 2142 2174 2189; x_wconf 89' lang='lat' dir='ltr'><strong>con-</strong></span> <span class='ocrx_word' id='word_1_256' title='bbox 2252 2120 2442 2201; x_wconf 78' lang='lat' dir='ltr'><strong>huius</strong></span> <span class='ocrx_word' id='word_1_257' title='bbox 2481 2123 2827 2199; x_wconf 74' lang='lat' dir='ltr'><strong>sententias,</strong></span> <span class='ocrx_word' id='word_1_258' title='bbox 2863 2140 3014 2185; x_wconf 83' lang='lat' dir='ltr'><strong>num</strong></span> <span class='ocrx_word' id='word_1_259' title='bbox 3063 2122 3276 2185; x_wconf 88' lang='lat' dir='ltr'><strong>omnis</strong></span> <span class='ocrx_word' id='word_1_260' title='bbox 3321 2125 3490 2185; x_wconf 81' lang='lat' dir='ltr'><strong>actus</strong></span> <span class='ocrx_word' id='word_1_261' title='bbox 3533 2122 3720 2196; x_wconf 77' lang='lat' dir='ltr'><strong>virtutis,</strong></span> 
     </span>
     <span class='ocr_line' id='line_1_21' title="bbox 604 2214 3724 2297; baseline 0 -20"><span class='ocrx_word' id='word_1_262' title='bbox 604 2215 805 2277; x_wconf 74' lang='lat' dir='ltr'><strong>trnrio</strong></span> <span class='ocrx_word' id='word_1_263' title='bbox 834 2214 1215 2295; x_wconf 75' lang='lat' dir='ltr'><strong>genuflexiO,</strong></span> <span class='ocrx_word' id='word_1_264' title='bbox 1246 2232 1389 2295; x_wconf 78' lang='lat' dir='ltr'><strong>quae</strong></span> <span class='ocrx_word' id='word_1_265' title='bbox 1418 2222 1517 2279; x_wconf 90' lang='lat' dir='ltr'><strong>est</strong></span> <span class='ocrx_word' id='word_1_266' title='bbox 1564 2222 1715 2279; x_wconf 80' lang='lat' dir='ltr'><strong>note</strong></span> <span class='ocrx_word' id='word_1_267' title='bbox 1764 2218 2168 2295; x_wconf 78' lang='lat' dir='ltr'><strong>adorationis,</strong></span> <span class='ocrx_word' id='word_1_268' title='bbox 2252 2219 2374 2281; x_wconf 89' lang='lat' dir='ltr'><strong>hoc</strong></span> <span class='ocrx_word' id='word_1_269' title='bbox 2402 2218 2538 2297; x_wconf 87' lang='lat' dir='ltr'><strong>ipso</strong></span> <span class='ocrx_word' id='word_1_270' title='bbox 2569 2216 2735 2295; x_wconf 86' lang='lat' dir='ltr'><strong>quod</strong></span> <span class='ocrx_word' id='word_1_271' title='bbox 2763 2216 3068 2281; x_wconf 85' lang='lat' dir='ltr'><strong>honestus</strong></span> <span class='ocrx_word' id='word_1_272' title='bbox 3088 2222 3215 2293; x_wconf 84' lang='lat' dir='ltr'><strong>est,</strong></span> <span class='ocrx_word' id='word_1_273' title='bbox 3247 2218 3452 2295; x_wconf 81' lang='lat' dir='ltr'><strong>potest</strong></span> <span class='ocrx_word' id='word_1_274' title='bbox 3495 2216 3724 2279; x_wconf 74' lang='lat' dir='ltr'><strong>cederein</strong></span> 
     </span>
     <span class='ocr_line' id='line_1_22' title="bbox 608 2310 3724 2392; baseline 0.001 -21"><span class='ocrx_word' id='word_1_275' title='bbox 608 2313 815 2389; x_wconf 82' lang='lat' dir='ltr'><strong>potest</strong></span> <span class='ocrx_word' id='word_1_276' title='bbox 844 2326 979 2373; x_wconf 77' lang='lat' dir='ltr'><strong>esse</strong></span> <span class='ocrx_word' id='word_1_277' title='bbox 1006 2314 1181 2371; x_wconf 81' lang='lat' dir='ltr'><strong>actus</strong></span> <span class='ocrx_word' id='word_1_278' title='bbox 1209 2310 1595 2389; x_wconf 77' lang='lat' dir='ltr'><strong>poenitentiae</strong></span> <span class='ocrx_word' id='word_1_279' title='bbox 1628 2316 1887 2391; x_wconf 87' lang='lat' dir='ltr'><strong>propter</strong></span> <span class='ocrx_word' id='word_1_280' title='bbox 1910 2311 2173 2392; x_wconf 81' lang='lat' dir='ltr'><strong>poenuli-</strong></span> <span class='ocrx_word' id='word_1_281' title='bbox 2254 2312 2367 2375; x_wconf 90' lang='lat' dir='ltr'><strong>Dei</strong></span> <span class='ocrx_word' id='word_1_282' title='bbox 2395 2312 2698 2373; x_wconf 85' lang='lat' dir='ltr'><strong>honorem</strong></span> <span class='ocrx_word' id='word_1_283' title='bbox 2717 2328 2794 2373; x_wconf 81' lang='lat' dir='ltr'><strong>nc</strong></span> <span class='ocrx_word' id='word_1_284' title='bbox 2825 2310 3132 2391; x_wconf 81' lang='lat' dir='ltr'><strong>gloriem3</strong></span> <span class='ocrx_word' id='word_1_285' title='bbox 3165 2311 3285 2373; x_wconf 89' lang='lat' dir='ltr'><strong>sed</strong></span> <span class='ocrx_word' id='word_1_286' title='bbox 3311 2310 3515 2390; x_wconf 82' lang='lat' dir='ltr'><strong>religio</strong></span> <span class='ocrx_word' id='word_1_287' title='bbox 3551 2312 3724 2391; x_wconf 75' lang='lat' dir='ltr'><strong>respicit</strong></span> 
     </span>
     <span class='ocr_line' id='line_1_23' title="bbox 608 2390 3726 2485; baseline 0 -20"><span class='ocrx_word' id='word_1_288' title='bbox 608 2408 835 2477; x_wconf 70' lang='lat' dir='ltr'><strong>tatem,</strong></span> <span class='ocrx_word' id='word_1_289' title='bbox 876 2420 1073 2483; x_wconf 81' lang='lat' dir='ltr'><strong>quam·</strong></span> <span class='ocrx_word' id='word_1_290' title='bbox 1110 2402 1304 2467; x_wconf 76' lang='lat' dir='ltr'><strong>babet</strong></span> <span class='ocrx_word' id='word_1_291' title='bbox 1352 2403 1738 2485; x_wconf 79' lang='lat' dir='ltr'><strong>adjunctum.</strong></span> <span class='ocrx_word' id='word_1_292' title='bbox 1768 2406 1843 2467; x_wconf 87' lang='lat' dir='ltr'><strong>Et</strong></span> <span class='ocrx_word' id='word_1_293' title='bbox 1888 2405 2175 2469; x_wconf 88' lang='lat' dir='ltr'><strong>similiter</strong></span> <span class='ocrx_word' id='word_1_294' title='bbox 2255 2406 2454 2467; x_wconf 86' lang='lat' dir='ltr'><strong>Deum</strong></span> <span class='ocrx_word' id='word_1_295' title='bbox 2482 2409 2554 2467; x_wconf 87' lang='lat' dir='ltr'><strong>ut</strong></span> <span class='ocrx_word' id='word_1_296' title='bbox 2579 2390 2876 2484; x_wconf 70' lang='lat' dir='ltr'><strong>supreme</strong></span> <span class='ocrx_word' id='word_1_297' title='bbox 2913 2404 3388 2477; x_wconf 81' lang='lat' dir='ltr'><strong>honorabilem3</strong></span> <span class='ocrx_word' id='word_1_298' title='bbox 3425 2422 3556 2483; x_wconf 82' lang='lat' dir='ltr'><strong>ergo</strong></span> <span class='ocrx_word' id='word_1_299' title='bbox 3586 2412 3726 2483; x_wconf 81' lang='lat' dir='ltr'><strong>potest</strong></span> 
     </span>
     <span class='ocr_line' id='line_1_24' title="bbox 610 2496 3723 2579; baseline -0 -19"><span class='ocrx_word' id='word_1_300' title='bbox 610 2496 819 2560; x_wconf 87' lang='lat' dir='ltr'><strong>tunsio</strong></span> <span class='ocrx_word' id='word_1_301' title='bbox 842 2497 1135 2576; x_wconf 82' lang='lat' dir='ltr'><strong>pectoris,</strong></span> <span class='ocrx_word' id='word_1_302' title='bbox 1162 2516 1351 2577; x_wconf 79' lang='lat' dir='ltr'><strong>quem</strong></span> <span class='ocrx_word' id='word_1_303' title='bbox 1380 2514 1599 2561; x_wconf 88' lang='lat' dir='ltr'><strong>omnes</strong></span> <span class='ocrx_word' id='word_1_304' title='bbox 1647 2504 1891 2579; x_wconf 90' lang='lat' dir='ltr'><strong>ponunt</strong></span> <span class='ocrx_word' id='word_1_305' title='bbox 1940 2506 2009 2563; x_wconf 87' lang='lat' dir='ltr'><strong>ut</strong></span> <span class='ocrx_word' id='word_1_306' title='bbox 2059 2518 2174 2561; x_wconf 90' lang='lat' dir='ltr'><strong>no·</strong></span> <span class='ocrx_word' id='word_1_307' title='bbox 2255 2499 2512 2561; x_wconf 78' lang='lat' dir='ltr'><strong>subhac</strong></span> <span class='ocrx_word' id='word_1_308' title='bbox 2557 2499 2802 2561; x_wconf 82' lang='lat' dir='ltr'><strong>ratione</strong></span> <span class='ocrx_word' id='word_1_309' title='bbox 2829 2499 3063 2561; x_wconf 79' lang='lat' dir='ltr'><strong>versari</strong></span> <span class='ocrx_word' id='word_1_310' title='bbox 3117 2499 3294 2561; x_wconf 82' lang='lat' dir='ltr'><strong>circa</strong></span> <span class='ocrx_word' id='word_1_311' title='bbox 3327 2496 3628 2578; x_wconf 83' lang='lat' dir='ltr'><strong>quemlibet</strong></span> <span class='ocrx_word' id='word_1_312' title='bbox 3661 2516 3723 2559; x_wconf 80' lang='lat' dir='ltr'><strong>ae·</strong></span> 
     </span>
     <span class='ocr_line' id='line_1_25' title="bbox 604 2590 3312 2674; baseline 0.001 -21"><span class='ocrx_word' id='word_1_313' title='bbox 604 2598 745 2653; x_wconf 78' lang='lat' dir='ltr'><strong>tem</strong></span> <span class='ocrx_word' id='word_1_314' title='bbox 772 2590 1181 2665; x_wconf 74' lang='lat' dir='ltr'><strong>odorationiS,</strong></span> <span class='ocrx_word' id='word_1_315' title='bbox 1212 2610 1349 2653; x_wconf 84' lang='lat' dir='ltr'><strong>esse</strong></span> <span class='ocrx_word' id='word_1_316' title='bbox 1384 2592 1575 2655; x_wconf 81' lang='lat' dir='ltr'><strong>etism</strong></span> <span class='ocrx_word' id='word_1_317' title='bbox 1628 2598 1834 2673; x_wconf 84' lang='lat' dir='ltr'><strong>potest</strong></span> <span class='ocrx_word' id='word_1_318' title='bbox 1869 2593 2173 2674; x_wconf 88' lang='lat' dir='ltr'><strong>poeniten·</strong></span> <span class='ocrx_word' id='word_1_319' title='bbox 2254 2602 2390 2657; x_wconf 89' lang='lat' dir='ltr'><strong>tum</strong></span> <span class='ocrx_word' id='word_1_320' title='bbox 2409 2593 2671 2665; x_wconf 77' lang='lat' dir='ltr'><strong>virtutis,</strong></span> <span class='ocrx_word' id='word_1_321' title='bbox 2703 2592 3074 2673; x_wconf 82' lang='lat' dir='ltr'><strong>imperando</strong></span> <span class='ocrx_word' id='word_1_322' title='bbox 3103 2592 3312 2655; x_wconf 89' lang='lat' dir='ltr'><strong>illum.</strong></span> 
     </span>
    </p>

    <p class='ocr_par' dir='ltr' id='par_1_3' title="bbox 606 2684 3785 5017">
     <span class='ocr_line' id='line_1_26' title="bbox 606 2684 3720 2769; baseline -0 -21"><span class='ocrx_word' id='word_1_323' title='bbox 606 2684 715 2748; x_wconf 75' lang='lat' dir='ltr'><strong>tiae</strong></span> <span class='ocrx_word' id='word_1_324' title='bbox 746 2684 1025 2767; x_wconf 77' lang='lat' dir='ltr'><strong>signum,</strong></span> <span class='ocrx_word' id='word_1_325' title='bbox 1047 2685 1149 2746; x_wconf 87' lang='lat' dir='ltr'><strong>vel</strong></span> <span class='ocrx_word' id='word_1_326' title='bbox 1173 2686 1361 2749; x_wconf 78' lang='lat' dir='ltr'><strong>etium</strong></span> <span class='ocrx_word' id='word_1_327' title='bbox 1385 2686 1775 2763; x_wconf 74' lang='lat' dir='ltr'><strong>humilitatis,</strong></span> <span class='ocrx_word' id='word_1_328' title='bbox 1794 2686 1937 2751; x_wconf 85' lang='lat' dir='ltr'><strong>sieo</strong></span> <span class='ocrx_word' id='word_1_329' title='bbox 1957 2688 2172 2750; x_wconf 82' lang='lat' dir='ltr'><strong>animo</strong></span> <span class='ocrx_word' id='word_1_330' title='bbox 2277 2724 2280 2727; x_wconf 90' lang='lat'><strong>·</strong></span> <span class='ocrx_word' id='word_1_331' title='bbox 2333 2691 2436 2754; x_wconf 88' lang='grc'><strong>30.</strong></span> <span class='ocrx_word' id='word_1_332' title='bbox 2474 2690 2582 2751; x_wconf 85' lang='lat' dir='ltr'><strong>Est</strong></span> <span class='ocrx_word' id='word_1_333' title='bbox 2601 2704 2753 2769; x_wconf 86' lang='lat' dir='ltr'><strong>ergo</strong></span> <span class='ocrx_word' id='word_1_334' title='bbox 2773 2686 2906 2749; x_wconf 79' lang='lat' dir='ltr'><strong>hsce</strong></span> <span class='ocrx_word' id='word_1_335' title='bbox 2935 2687 3251 2749; x_wconf 81' lang='lat' dir='ltr'><strong>sententia</strong></span> <span class='ocrx_word' id='word_1_336' title='bbox 3279 2688 3428 2749; x_wconf 76' lang='lat' dir='ltr'><strong>satis</strong></span> <span class='ocrx_word' id='word_1_337' title='bbox 3452 2685 3720 2767; x_wconf 75' lang='lat' dir='ltr'><strong>probabilis.</strong></span> 
     </span>
     <span class='ocr_line' id='line_1_27' title="bbox 612 2778 3722 2863; baseline 0 -22"><span class='ocrx_word' id='word_1_338' title='bbox 612 2778 743 2841; x_wconf 79' lang='lat' dir='ltr'><strong>flat.</strong></span> <span class='ocrx_word' id='word_1_339' title='bbox 779 2778 957 2850; x_wconf 88' lang='lat' dir='ltr'><strong>Quod</strong></span> <span class='ocrx_word' id='word_1_340' title='bbox 994 2796 1147 2860; x_wconf 83' lang='lat' dir='ltr'><strong>ergo</strong></span> <span class='ocrx_word' id='word_1_341' title='bbox 1174 2778 1237 2840; x_wconf 88' lang='lat' dir='ltr'><strong>in</strong></span> <span class='ocrx_word' id='word_1_342' title='bbox 1264 2780 1677 2843; x_wconf 82' lang='lat' dir='ltr'><strong>exterioribus</strong></span> <span class='ocrx_word' id='word_1_343' title='bbox 1706 2782 1950 2845; x_wconf 80' lang='lat' dir='ltr'><strong>actibus</strong></span> <span class='ocrx_word' id='word_1_344' title='bbox 1985 2800 2174 2863; x_wconf 84' lang='lat' dir='ltr'><strong>expe·</strong></span> <span class='ocrx_word' id='word_1_345' title='bbox 2253 2787 2385 2849; x_wconf 83' lang='lat' dir='ltr'><strong>Erit</strong></span> <span class='ocrx_word' id='word_1_346' title='bbox 2411 2791 2623 2849; x_wconf 84' lang='lat' dir='ltr'><strong>autem</strong></span> <span class='ocrx_word' id='word_1_347' title='bbox 2663 2782 3083 2857; x_wconf 80' lang='lat' dir='ltr'><strong>verisimilior,</strong></span> <span class='ocrx_word' id='word_1_348' title='bbox 3135 2782 3192 2845; x_wconf 87' lang='lat' dir='ltr'><strong>si</strong></span> <span class='ocrx_word' id='word_1_349' title='bbox 3243 2782 3314 2845; x_wconf 87' lang='lat' dir='ltr'><strong>in</strong></span> <span class='ocrx_word' id='word_1_350' title='bbox 3351 2782 3509 2845; x_wconf 84' lang='lat' dir='ltr'><strong>hunc</strong></span> <span class='ocrx_word' id='word_1_351' title='bbox 3543 2782 3722 2843; x_wconf 83' lang='lat' dir='ltr'><strong>modum</strong></span> 
     </span>
     <span class='ocr_line' id='line_1_28' title="bbox 610 2871 3726 2960; baseline 0 -27"><span class='ocrx_word' id='word_1_352' title='bbox 610 2871 833 2947; x_wconf 88' lang='lat' dir='ltr'><strong>rimnr,</strong></span> <span class='ocrx_word' id='word_1_353' title='bbox 863 2876 1068 2952; x_wconf 79' lang='lat' dir='ltr'><strong>potest</strong></span> <span class='ocrx_word' id='word_1_354' title='bbox 1104 2872 1287 2935; x_wconf 79' lang='lat' dir='ltr'><strong>facile</strong></span> <span class='ocrx_word' id='word_1_355' title='bbox 1306 2872 1371 2934; x_wconf 89' lang='lat' dir='ltr'><strong>in</strong></span> <span class='ocrx_word' id='word_1_356' title='bbox 1410 2880 1555 2936; x_wconf 79' lang='lat' dir='ltr'><strong>netu</strong></span> <span class='ocrx_word' id='word_1_357' title='bbox 1576 2874 1857 2937; x_wconf 88' lang='lat' dir='ltr'><strong>interiori</strong></span> <span class='ocrx_word' id='word_1_358' title='bbox 1882 2875 2173 2957; x_wconf 78' lang='lat' dir='ltr'><strong>intelligi,</strong></span> <span class='ocrx_word' id='word_1_359' title='bbox 2255 2879 2620 2960; x_wconf 76' lang='lat' dir='ltr'><strong>explicetur.</strong></span> <span class='ocrx_word' id='word_1_360' title='bbox 2653 2874 2839 2939; x_wconf 83' lang='lat' dir='ltr'><strong>Aliud</strong></span> <span class='ocrx_word' id='word_1_361' title='bbox 2867 2882 2964 2939; x_wconf 89' lang='lat' dir='ltr'><strong>est</strong></span> <span class='ocrx_word' id='word_1_362' title='bbox 2981 2874 3154 2939; x_wconf 86' lang='lat' dir='ltr'><strong>enim</strong></span> <span class='ocrx_word' id='word_1_363' title='bbox 3175 2874 3356 2957; x_wconf 82' lang='lat' dir='ltr'><strong>loqui</strong></span> <span class='ocrx_word' id='word_1_364' title='bbox 3385 2874 3460 2937; x_wconf 89' lang='lat' dir='ltr'><strong>de</strong></span> <span class='ocrx_word' id='word_1_365' title='bbox 3489 2873 3628 2935; x_wconf 87' lang='lat' dir='ltr'><strong>cultu</strong></span> <span class='ocrx_word' id='word_1_366' title='bbox 3655 2874 3726 2935; x_wconf 81' lang='lat' dir='ltr'><strong>Dei</strong></span> 
     </span>
     <span class='ocr_line' id='line_1_29' title="bbox 613 2966 3728 3051; baseline 0 -25"><span class='ocrx_word' id='word_1_367' title='bbox 613 2982 763 3027; x_wconf 81' lang='lat' dir='ltr'><strong>nam</strong></span> <span class='ocrx_word' id='word_1_368' title='bbox 823 2966 993 3029; x_wconf 89' lang='lat' dir='ltr'><strong>idem</strong></span> <span class='ocrx_word' id='word_1_369' title='bbox 1051 2974 1251 3042; x_wconf 81' lang='lat' dir='ltr'><strong>ectus,</strong></span> <span class='ocrx_word' id='word_1_370' title='bbox 1284 2968 1497 3047; x_wconf 81' lang='lat' dir='ltr'><strong>quiex</strong></span> <span class='ocrx_word' id='word_1_371' title='bbox 1546 2986 1611 3031; x_wconf 90' lang='lat' dir='ltr'><strong>se</strong></span> <span class='ocrx_word' id='word_1_372' title='bbox 1650 2986 1763 3032; x_wconf 86' lang='lat' dir='ltr'><strong>seu</strong></span> <span class='ocrx_word' id='word_1_373' title='bbox 1794 2987 1875 3031; x_wconf 81' lang='lat' dir='ltr'><strong>ex</strong></span> <span class='ocrx_word' id='word_1_374' title='bbox 1922 2970 2170 3051; x_wconf 85' lang='lat' dir='ltr'><strong>objecto</strong></span> <span class='ocrx_word' id='word_1_375' title='bbox 2254 2973 2318 3035; x_wconf 91' lang='lat' dir='ltr'><strong>in</strong></span> <span class='ocrx_word' id='word_1_376' title='bbox 2347 2970 2691 3046; x_wconf 86' lang='lat' dir='ltr'><strong>communi,</strong></span> <span class='ocrx_word' id='word_1_377' title='bbox 2721 2968 2894 3031; x_wconf 76' lang='lat' dir='ltr'><strong>eliud</strong></span> <span class='ocrx_word' id='word_1_378' title='bbox 2941 2968 3020 3031; x_wconf 89' lang='lat' dir='ltr'><strong>de</strong></span> <span class='ocrx_word' id='word_1_379' title='bbox 3069 2968 3328 3049; x_wconf 88' lang='lat' dir='ltr'><strong>proprio</strong></span> <span class='ocrx_word' id='word_1_380' title='bbox 3387 2968 3540 3029; x_wconf 87' lang='lat' dir='ltr'><strong>cultu</strong></span> <span class='ocrx_word' id='word_1_381' title='bbox 3575 2966 3728 3027; x_wconf 78' lang='lat' dir='ltr'><strong>adora-</strong></span> 
     </span>
     <span class='ocr_line' id='line_1_30' title="bbox 616 3060 3726 3143; baseline -0 -23"><span class='ocrx_word' id='word_1_382' title='bbox 616 3076 735 3121; x_wconf 86' lang='lat' dir='ltr'><strong>suo</strong></span> <span class='ocrx_word' id='word_1_383' title='bbox 764 3062 859 3121; x_wconf 91' lang='lat' dir='ltr'><strong>est</strong></span> <span class='ocrx_word' id='word_1_384' title='bbox 878 3066 1052 3122; x_wconf 76' lang='lat' dir='ltr'><strong>ectus</strong></span> <span class='ocrx_word' id='word_1_385' title='bbox 1075 3060 1435 3135; x_wconf 82' lang='lat' dir='ltr'><strong>fidei,verbi</strong></span> <span class='ocrx_word' id='word_1_386' title='bbox 1460 3062 1685 3142; x_wconf 78' lang='lat' dir='ltr'><strong>gratie,</strong></span> <span class='ocrx_word' id='word_1_387' title='bbox 1708 3066 1913 3142; x_wconf 87' lang='lat' dir='ltr'><strong>potest</strong></span> <span class='ocrx_word' id='word_1_388' title='bbox 1936 3064 2170 3127; x_wconf 78' lang='lat' dir='ltr'><strong>habere</strong></span> <span class='ocrx_word' id='word_1_389' title='bbox 2251 3066 2460 3129; x_wconf 85' lang='lat' dir='ltr'><strong>tionis.</strong></span> <span class='ocrx_word' id='word_1_390' title='bbox 2495 3064 2707 3127; x_wconf 88' lang='lat' dir='ltr'><strong>Cultus</strong></span> <span class='ocrx_word' id='word_1_391' title='bbox 2733 3064 2904 3125; x_wconf 88' lang='lat' dir='ltr'><strong>enim</strong></span> <span class='ocrx_word' id='word_1_392' title='bbox 2933 3063 3044 3124; x_wconf 89' lang='lat' dir='ltr'><strong>Dei</strong></span> <span class='ocrx_word' id='word_1_393' title='bbox 3073 3062 3271 3143; x_wconf 85' lang='lat' dir='ltr'><strong>priori</strong></span> <span class='ocrx_word' id='word_1_394' title='bbox 3313 3060 3494 3123; x_wconf 88' lang='lat' dir='ltr'><strong>modo</strong></span> <span class='ocrx_word' id='word_1_395' title='bbox 3523 3064 3726 3139; x_wconf 82' lang='lat' dir='ltr'><strong>sumptus</strong></span> 
     </span>
     <span class='ocr_line' id='line_1_31' title="bbox 616 3154 3785 3245; baseline 0 -30"><span class='ocrx_word' id='word_1_396' title='bbox 616 3154 1111 3233; x_wconf 83' lang='lat' dir='ltr'><strong>proportionem,</strong></span> <span class='ocrx_word' id='word_1_397' title='bbox 1152 3157 1223 3216; x_wconf 85' lang='lat' dir='ltr'><strong>ut</strong></span> <span class='ocrx_word' id='word_1_398' title='bbox 1252 3156 1621 3219; x_wconf 79' lang='lat' dir='ltr'><strong>exhibeatur</strong></span> <span class='ocrx_word' id='word_1_399' title='bbox 1662 3162 1964 3235; x_wconf 79' lang='lat' dir='ltr'><strong>tanquam</strong></span> <span class='ocrx_word' id='word_1_400' title='bbox 2021 3164 2171 3221; x_wconf 79' lang='lat' dir='ltr'><strong>nota</strong></span> <span class='ocrx_word' id='word_1_401' title='bbox 2253 3156 2994 3239; x_wconf 86' lang='lat' dir='ltr'><strong>comprehendit&#39;omnem</strong></span> <span class='ocrx_word' id='word_1_402' title='bbox 3008 3163 3224 3218; x_wconf 82' lang='lat' dir='ltr'><strong>actum</strong></span> <span class='ocrx_word' id='word_1_403' title='bbox 3239 3154 3724 3227; x_wconf 79' lang='lat' dir='ltr'><strong>honorandiDeum‚</strong></span> <span class='ocrx_word' id='word_1_404' title='bbox 3783 3240 3785 3245; x_wconf 15' lang='grc' dir='ltr'><em>Α</em></span> 
     </span>
     <span class='ocr_line' id='line_1_32' title="bbox 612 3245 3785 3331; baseline 0 -24"><span class='ocrx_word' id='word_1_405' title='bbox 612 3245 1071 3323; x_wconf 75' lang='lat' dir='ltr'><strong>submissionis,</strong></span> <span class='ocrx_word' id='word_1_406' title='bbox 1097 3248 1434 3325; x_wconf 82' lang='lat' dir='ltr'><strong>servitutis,</strong></span> <span class='ocrx_word' id='word_1_407' title='bbox 1462 3250 1563 3312; x_wconf 82' lang='lat' dir='ltr'><strong>vel</strong></span> <span class='ocrx_word' id='word_1_408' title='bbox 1592 3250 1982 3313; x_wconf 82' lang='lat' dir='ltr'><strong>humilitatis.</strong></span> <span class='ocrx_word' id='word_1_409' title='bbox 2254 3254 2384 3315; x_wconf 82' lang='lat' dir='ltr'><strong>sive</strong></span> <span class='ocrx_word' id='word_1_410' title='bbox 2418 3252 2485 3313; x_wconf 92' lang='lat' dir='ltr'><strong>in</strong></span> <span class='ocrx_word' id='word_1_411' title='bbox 2511 3258 2682 3328; x_wconf 80' lang='lat' dir='ltr'><strong>voto,</strong></span> <span class='ocrx_word' id='word_1_412' title='bbox 2715 3250 2846 3313; x_wconf 77' lang='lat' dir='ltr'><strong>sive</strong></span> <span class='ocrx_word' id='word_1_413' title='bbox 2897 3251 2964 3313; x_wconf 88' lang='lat' dir='ltr'><strong>in</strong></span> <span class='ocrx_word' id='word_1_414' title='bbox 2987 3252 3381 3331; x_wconf 82' lang='lat' dir='ltr'><strong>juramento,</strong></span> <span class='ocrx_word' id='word_1_415' title='bbox 3423 3250 3614 3311; x_wconf 83' lang='lat' dir='ltr'><strong>sivein</strong></span> <span class='ocrx_word' id='word_1_416' title='bbox 3635 3266 3724 3309; x_wconf 79' lang='lat' dir='ltr'><strong>ora·</strong></span> <span class='ocrx_word' id='word_1_417' title='bbox 3783 3252 3785 3269; x_wconf 66' lang='lat'>³</span> 
     </span>
     <span class='ocr_line' id='line_1_33' title="bbox 620 3340 3724 3426; baseline -0 -22"><span class='ocrx_word' id='word_1_418' title='bbox 620 3381 627 3397; x_wconf 81' lang='grc'><strong>-</strong></span> <span class='ocrx_word' id='word_1_419' title='bbox 690 3343 792 3405; x_wconf 75' lang='lat'><strong>28.</strong></span> <span class='ocrx_word' id='word_1_420' title='bbox 836 3342 1015 3407; x_wconf 88' lang='lat' dir='ltr'><strong>Unde</strong></span> <span class='ocrx_word' id='word_1_421' title='bbox 1038 3343 1185 3405; x_wconf 86' lang='lat' dir='ltr'><strong>hinc</strong></span> <span class='ocrx_word' id='word_1_422' title='bbox 1204 3346 1413 3423; x_wconf 87' lang='lat' dir='ltr'><strong>potius</strong></span> <span class='ocrx_word' id='word_1_423' title='bbox 1434 3346 1599 3407; x_wconf 89' lang='lat' dir='ltr'><strong>sumi</strong></span> <span class='ocrx_word' id='word_1_424' title='bbox 1616 3350 1822 3426; x_wconf 83' lang='lat' dir='ltr'><strong>potest</strong></span> <span class='ocrx_word' id='word_1_425' title='bbox 1842 3345 2172 3409; x_wconf 81' lang='lat' dir='ltr'><strong>confirma·</strong></span> <span class='ocrx_word' id='word_1_426' title='bbox 2253 3347 2448 3420; x_wconf 84' lang='lat' dir='ltr'><strong>tione,</strong></span> <span class='ocrx_word' id='word_1_427' title='bbox 2479 3351 2599 3409; x_wconf 89' lang='lat' dir='ltr'><strong>etc.</strong></span> <span class='ocrx_word' id='word_1_428' title='bbox 2631 3364 2650 3419; x_wconf 85' lang='lat'>;</span> <span class='ocrx_word' id='word_1_429' title='bbox 2688 3344 2970 3407; x_wconf 77' lang='lat' dir='ltr'><strong>adoratio</strong></span> <span class='ocrx_word' id='word_1_430' title='bbox 3006 3362 3160 3406; x_wconf 78' lang='lat' dir='ltr'><strong>vero</strong></span> <span class='ocrx_word' id='word_1_431' title='bbox 3199 3344 3314 3405; x_wconf 90' lang='lat' dir='ltr'><strong>Dei</strong></span> <span class='ocrx_word' id='word_1_432' title='bbox 3351 3342 3652 3423; x_wconf 78' lang='lat' dir='ltr'><strong>specialiter</strong></span> <span class='ocrx_word' id='word_1_433' title='bbox 3669 3340 3724 3403; x_wconf 86' lang='lat' dir='ltr'><strong>di·</strong></span> 
     </span>
     <span class='ocr_line' id='line_1_34' title="bbox 610 3434 3724 3520; baseline -0.001 -23"><span class='ocrx_word' id='word_1_434' title='bbox 610 3437 699 3497; x_wconf 92' lang='lat' dir='ltr'><strong>tio</strong></span> <span class='ocrx_word' id='word_1_435' title='bbox 726 3435 1027 3499; x_wconf 79' lang='lat' dir='ltr'><strong>doctrines</strong></span> <span class='ocrx_word' id='word_1_436' title='bbox 1080 3437 1347 3514; x_wconf 74' lang='lat' dir='ltr'><strong>traditae,</strong></span> <span class='ocrx_word' id='word_1_437' title='bbox 1379 3438 1527 3517; x_wconf 82' lang='lat' dir='ltr'><strong>quie</strong></span> <span class='ocrx_word' id='word_1_438' title='bbox 1574 3456 1700 3500; x_wconf 89' lang='lat' dir='ltr'><strong>non</strong></span> <span class='ocrx_word' id='word_1_439' title='bbox 1730 3446 2041 3520; x_wconf 83' lang='lat' dir='ltr'><strong>repugnat</strong></span> <span class='ocrx_word' id='word_1_440' title='bbox 2070 3458 2174 3501; x_wconf 79' lang='lat' dir='ltr'><strong>nc·</strong></span> <span class='ocrx_word' id='word_1_441' title='bbox 2254 3441 2337 3502; x_wconf 85' lang='lat' dir='ltr'><strong>cit</strong></span> <span class='ocrx_word' id='word_1_442' title='bbox 2373 3440 2611 3501; x_wconf 89' lang='lat' dir='ltr'><strong>cultum</strong></span> <span class='ocrx_word' id='word_1_443' title='bbox 2645 3438 2958 3501; x_wconf 84' lang='lat' dir='ltr'><strong>servitutis</strong></span> <span class='ocrx_word' id='word_1_444' title='bbox 2989 3454 3104 3500; x_wconf 88' lang='lat' dir='ltr'><strong>seu</strong></span> <span class='ocrx_word' id='word_1_445' title='bbox 3125 3438 3551 3499; x_wconf 82' lang='lat' dir='ltr'><strong>submissionis</strong></span> <span class='ocrx_word' id='word_1_446' title='bbox 3567 3434 3724 3497; x_wconf 72' lang='lat' dir='ltr'><strong>debite</strong></span> 
     </span>
     <span class='ocr_line' id='line_1_35' title="bbox 610 3530 3728 3615; baseline -0.001 -22"><span class='ocrx_word' id='word_1_447' title='bbox 610 3538 747 3593; x_wconf 88' lang='lat' dir='ltr'><strong>tum</strong></span> <span class='ocrx_word' id='word_1_448' title='bbox 776 3534 961 3595; x_wconf 88' lang='lat' dir='ltr'><strong>unius</strong></span> <span class='ocrx_word' id='word_1_449' title='bbox 986 3534 1230 3597; x_wconf 79' lang='lat' dir='ltr'><strong>virtutis</strong></span> <span class='ocrx_word' id='word_1_450' title='bbox 1262 3533 1501 3597; x_wconf 86' lang='lat' dir='ltr'><strong>habere</strong></span> <span class='ocrx_word' id='word_1_451' title='bbox 1548 3534 2020 3615; x_wconf 87' lang='lat' dir='ltr'><strong>proportionem</strong></span> <span class='ocrx_word' id='word_1_452' title='bbox 2073 3536 2172 3599; x_wconf 82' lang='lat' dir='ltr'><strong>vel</strong></span> <span class='ocrx_word' id='word_1_453' title='bbox 2254 3552 2328 3596; x_wconf 82' lang='lat' dir='ltr'><strong>oc</strong></span> <span class='ocrx_word' id='word_1_454' title='bbox 2355 3531 3078 3615; x_wconf 76' lang='lat' dir='ltr'><strong>proportionatoedivinse</strong></span> <span class='ocrx_word' id='word_1_455' title='bbox 3111 3530 3728 3607; x_wconf 51' lang='lat' dir='ltr'><strong>excellentissimum-</strong></span> 
     </span>
     <span class='ocr_line' id='line_1_36' title="bbox 612 3624 3724 3708; baseline -0.003 -22"><span class='ocrx_word' id='word_1_456' title='bbox 612 3624 967 3698; x_wconf 79' lang='lat' dir='ltr'><strong>utilitntem,</strong></span> <span class='ocrx_word' id='word_1_457' title='bbox 1000 3632 1071 3688; x_wconf 87' lang='lat' dir='ltr'><strong>ut</strong></span> <span class='ocrx_word' id='word_1_458' title='bbox 1097 3630 1294 3706; x_wconf 87' lang='lat' dir='ltr'><strong>possit</strong></span> <span class='ocrx_word' id='word_1_459' title='bbox 1318 3628 1495 3690; x_wconf 80' lang='lat' dir='ltr'><strong>alteri</strong></span> <span class='ocrx_word' id='word_1_460' title='bbox 1520 3628 1731 3691; x_wconf 83' lang='lat' dir='ltr'><strong>virtuti</strong></span> <span class='ocrx_word' id='word_1_461' title='bbox 1752 3628 2174 3707; x_wconf 87' lang='lat' dir='ltr'><strong>deservire,et</strong></span> <span class='ocrx_word' id='word_1_462' title='bbox 2257 3628 2338 3691; x_wconf 88' lang='lat' dir='ltr'><strong>do</strong></span> <span class='ocrx_word' id='word_1_463' title='bbox 2387 3626 2575 3708; x_wconf 79' lang='lat' dir='ltr'><strong>igitur</strong></span> <span class='ocrx_word' id='word_1_464' title='bbox 2623 3626 2704 3688; x_wconf 90' lang='lat' dir='ltr'><strong>de</strong></span> <span class='ocrx_word' id='word_1_465' title='bbox 2753 3626 2928 3687; x_wconf 88' lang='lat' dir='ltr'><strong>cultu</strong></span> <span class='ocrx_word' id='word_1_466' title='bbox 2971 3625 3162 3706; x_wconf 86' lang='lat' dir='ltr'><strong>priori</strong></span> <span class='ocrx_word' id='word_1_467' title='bbox 3207 3624 3423 3701; x_wconf 89' lang='lat' dir='ltr'><strong>modo,</strong></span> <span class='ocrx_word' id='word_1_468' title='bbox 3454 3630 3538 3686; x_wconf 85' lang='lat' dir='ltr'><strong>est</strong></span> <span class='ocrx_word' id='word_1_469' title='bbox 3573 3638 3724 3683; x_wconf 71' lang='lat' dir='ltr'><strong>verum</strong></span> 
     </span>
     <span class='ocr_line' id='line_1_37' title="bbox 610 3718 3726 3802; baseline -0.001 -23"><span class='ocrx_word' id='word_1_470' title='bbox 610 3736 687 3780; x_wconf 82' lang='lat' dir='ltr'><strong>ea</strong></span> <span class='ocrx_word' id='word_1_471' title='bbox 710 3720 956 3782; x_wconf 76' lang='lat' dir='ltr'><strong>ratione</strong></span> <span class='ocrx_word' id='word_1_472' title='bbox 976 3720 1054 3782; x_wconf 84' lang='lat' dir='ltr'><strong>eb</strong></span> <span class='ocrx_word' id='word_1_473' title='bbox 1080 3721 1217 3801; x_wconf 82' lang='lat' dir='ltr'><strong>ipsa</strong></span> <span class='ocrx_word' id='word_1_474' title='bbox 1236 3722 1555 3802; x_wconf 80' lang='lat' dir='ltr'><strong>imperari,</strong></span> <span class='ocrx_word' id='word_1_475' title='bbox 1576 3726 1639 3785; x_wconf 83' lang='lat' dir='ltr'><strong>et</strong></span> <span class='ocrx_word' id='word_1_476' title='bbox 1654 3740 1793 3785; x_wconf 88' lang='lat' dir='ltr'><strong>esse</strong></span> <span class='ocrx_word' id='word_1_477' title='bbox 1814 3724 2169 3799; x_wconf 78' lang='lat' dir='ltr'><strong>materiam,</strong></span> <span class='ocrx_word' id='word_1_478' title='bbox 2255 3740 2442 3802; x_wconf 87' lang='lat' dir='ltr'><strong>posse</strong></span> <span class='ocrx_word' id='word_1_479' title='bbox 2465 3720 2835 3800; x_wconf 81' lang='lat' dir='ltr'><strong>religionem</strong></span> <span class='ocrx_word' id='word_1_480' title='bbox 2888 3718 3122 3794; x_wconf 84' lang='lat' dir='ltr'><strong>referre</strong></span> <span class='ocrx_word' id='word_1_481' title='bbox 3165 3720 3234 3781; x_wconf 89' lang='lat' dir='ltr'><strong>in</strong></span> <span class='ocrx_word' id='word_1_482' title='bbox 3263 3720 3374 3783; x_wconf 88' lang='lat' dir='ltr'><strong>Dei</strong></span> <span class='ocrx_word' id='word_1_483' title='bbox 3427 3719 3668 3781; x_wconf 84' lang='lat' dir='ltr'><strong>honorem</strong></span> <span class='ocrx_word' id='word_1_484' title='bbox 3687 3724 3726 3777; x_wconf 81' lang='lat' dir='ltr'><strong>et</strong></span> 
     </span>
     <span class='ocr_line' id='line_1_38' title="bbox 610 3810 3727 3898; baseline -0.002 -23"><span class='ocrx_word' id='word_1_485' title='bbox 610 3814 775 3877; x_wconf 80' lang='lat' dir='ltr'><strong>circa</strong></span> <span class='ocrx_word' id='word_1_486' title='bbox 802 3816 1153 3895; x_wconf 81' lang='lat' dir='ltr'><strong>quamipse</strong></span> <span class='ocrx_word' id='word_1_487' title='bbox 1179 3821 1465 3878; x_wconf 85' lang='lat' dir='ltr'><strong>versetur</strong></span> <span class='ocrx_word' id='word_1_488' title='bbox 1486 3832 1508 3895; x_wconf 80' lang='lat'>3</span> <span class='ocrx_word' id='word_1_489' title='bbox 1532 3816 1645 3878; x_wconf 89' lang='lat' dir='ltr'><strong>sed</strong></span> <span class='ocrx_word' id='word_1_490' title='bbox 1690 3834 1817 3877; x_wconf 88' lang='lat' dir='ltr'><strong>non</strong></span> <span class='ocrx_word' id='word_1_491' title='bbox 1862 3822 2174 3898; x_wconf 75' lang='lat' dir='ltr'><strong>repugnet</strong></span> <span class='ocrx_word' id='word_1_492' title='bbox 2255 3815 2516 3894; x_wconf 74' lang='lat' dir='ltr'><strong>gloriam</strong></span> <span class='ocrx_word' id='word_1_493' title='bbox 2565 3813 2914 3894; x_wconf 86' lang='lat' dir='ltr'><strong>quemlibet</strong></span> <span class='ocrx_word' id='word_1_494' title='bbox 2953 3818 3166 3875; x_wconf 79' lang='lat' dir='ltr'><strong>ectum</strong></span> <span class='ocrx_word' id='word_1_495' title='bbox 3195 3812 3461 3885; x_wconf 86' lang='lat' dir='ltr'><strong>virtutis,</strong></span> <span class='ocrx_word' id='word_1_496' title='bbox 3503 3813 3646 3891; x_wconf 85' lang='lat' dir='ltr'><strong>juxta</strong></span> <span class='ocrx_word' id='word_1_497' title='bbox 3679 3810 3727 3869; x_wconf 85' lang='lat' dir='ltr'><strong>il·</strong></span> 
     </span>
     <span class='ocr_line' id='line_1_39' title="bbox 610 3904 3725 3992; baseline -0.001 -23"><span class='ocrx_word' id='word_1_498' title='bbox 610 3906 749 3969; x_wconf 81' lang='lat' dir='ltr'><strong>dari</strong></span> <span class='ocrx_word' id='word_1_499' title='bbox 776 3915 986 3971; x_wconf 80' lang='lat' dir='ltr'><strong>netum</strong></span> <span class='ocrx_word' id='word_1_500' title='bbox 1016 3909 1380 3973; x_wconf 85' lang='lat' dir='ltr'><strong>interiorem</strong></span> <span class='ocrx_word' id='word_1_501' title='bbox 1406 3910 1974 3992; x_wconf 80' lang='lat' dir='ltr'><strong>proportionatum,</strong></span> <span class='ocrx_word' id='word_1_502' title='bbox 2001 3914 2072 3975; x_wconf 85' lang='lat' dir='ltr'><strong>ut</strong></span> <span class='ocrx_word' id='word_1_503' title='bbox 2097 3912 2174 3975; x_wconf 87' lang='lat' dir='ltr'><strong>sit</strong></span> <span class='ocrx_word' id='word_1_504' title='bbox 2254 3908 2366 3972; x_wconf 88' lang='lat' dir='ltr'><strong>lud</strong></span> <span class='ocrx_word' id='word_1_505' title='bbox 2397 3908 2594 3985; x_wconf 82' lang='lat' dir='ltr'><strong>Pauli,</strong></span> <span class='ocrx_word' id='word_1_506' title='bbox 2626 3911 2657 3971; x_wconf 77' lang='lat'><strong>1</strong></span> <span class='ocrx_word' id='word_1_507' title='bbox 2698 3905 2973 3970; x_wconf 82' lang='lat' dir='ltr'><strong>Corinth.</strong></span> <span class='ocrx_word' id='word_1_508' title='bbox 3025 3910 3102 3971; x_wconf 82' lang='lat'><strong>10</strong></span> <span class='ocrx_word' id='word_1_509' title='bbox 3131 3924 3150 3971; x_wconf 74' lang='lat' dir='ltr'><strong><em>z</em></strong></span> <span class='ocrx_word' id='word_1_510' title='bbox 3183 3905 3410 3971; x_wconf 65' lang='lat' dir='ltr'><strong>Omnia</strong></span> <span class='ocrx_word' id='word_1_511' title='bbox 3459 3906 3520 3968; x_wconf 70' lang='lat' dir='ltr'><strong>in</strong></span> <span class='ocrx_word' id='word_1_512' title='bbox 3537 3904 3725 3982; x_wconf 58' lang='lat' dir='ltr'><strong>amrium</strong></span> 
     </span>
     <span class='ocr_line' id='line_1_40' title="bbox 610 3996 3726 4084; baseline -0.002 -22"><span class='ocrx_word' id='word_1_513' title='bbox 610 4006 761 4064; x_wconf 79' lang='lat' dir='ltr'><strong>nota</strong></span> <span class='ocrx_word' id='word_1_514' title='bbox 788 4002 1157 4065; x_wconf 81' lang='lat' dir='ltr'><strong>humilitatis</strong></span> <span class='ocrx_word' id='word_1_515' title='bbox 1184 4011 1473 4084; x_wconf 84' lang='lat' dir='ltr'><strong>respectu</strong></span> <span class='ocrx_word' id='word_1_516' title='bbox 1504 4004 1651 4077; x_wconf 85' lang='lat' dir='ltr'><strong>Dei;</strong></span> <span class='ocrx_word' id='word_1_517' title='bbox 1686 4004 1825 4083; x_wconf 89' lang='lat' dir='ltr'><strong>quis</strong></span> <span class='ocrx_word' id='word_1_518' title='bbox 1846 4006 2014 4067; x_wconf 87' lang='lat' dir='ltr'><strong>enim</strong></span> <span class='ocrx_word' id='word_1_519' title='bbox 2061 4024 2170 4066; x_wconf 88' lang='lat' dir='ltr'><strong>ne·</strong></span> <span class='ocrx_word' id='word_1_520' title='bbox 2253 4004 2370 4068; x_wconf 75' lang='lat' dir='ltr'><strong>Dei</strong></span> <span class='ocrx_word' id='word_1_521' title='bbox 2391 4000 2594 4083; x_wconf 72' lang='lat' dir='ltr'><strong>facite.</strong></span> <span class='ocrx_word' id='word_1_522' title='bbox 2625 4002 2694 4063; x_wconf 89' lang='lat' dir='ltr'><strong>In</strong></span> <span class='ocrx_word' id='word_1_523' title='bbox 2723 4018 2850 4080; x_wconf 80' lang='lat' dir='ltr'><strong>qun</strong></span> <span class='ocrx_word' id='word_1_524' title='bbox 2877 4001 3186 4063; x_wconf 82' lang='lat' dir='ltr'><strong>relatione</strong></span> <span class='ocrx_word' id='word_1_525' title='bbox 3248 4018 3380 4062; x_wconf 89' lang='lat' dir='ltr'><strong>non</strong></span> <span class='ocrx_word' id='word_1_526' title='bbox 3417 3996 3726 4060; x_wconf 78' lang='lat' dir='ltr'><strong>consideran-</strong></span> 
     </span>
     <span class='ocr_line' id='line_1_41' title="bbox 612 4088 3725 4175; baseline -0.003 -19"><span class='ocrx_word' id='word_1_527' title='bbox 612 4101 718 4173; x_wconf 75' lang='lat' dir='ltr'><strong>get</strong></span> <span class='ocrx_word' id='word_1_528' title='bbox 762 4113 941 4175; x_wconf 84' lang='lat' dir='ltr'><strong>posse</strong></span> <span class='ocrx_word' id='word_1_529' title='bbox 970 4098 1386 4161; x_wconf 70' lang='lat' dir='ltr'><strong>humilitatem</strong></span> <span class='ocrx_word' id='word_1_530' title='bbox 1413 4097 1677 4161; x_wconf 89' lang='lat' dir='ltr'><strong>interius</strong></span> <span class='ocrx_word' id='word_1_531' title='bbox 1716 4098 2013 4173; x_wconf 77' lang='lat' dir='ltr'><strong>exerceri,</strong></span> <span class='ocrx_word' id='word_1_532' title='bbox 2043 4116 2172 4161; x_wconf 87' lang='lat' dir='ltr'><strong>non</strong></span> <span class='ocrx_word' id='word_1_533' title='bbox 2255 4102 2356 4159; x_wconf 90' lang='lat' dir='ltr'><strong>tur</strong></span> <span class='ocrx_word' id='word_1_534' title='bbox 2373 4097 2676 4157; x_wconf 84' lang='lat' dir='ltr'><strong>virtutum</strong></span> <span class='ocrx_word' id='word_1_535' title='bbox 2705 4112 2899 4175; x_wconf 75' lang='lat' dir='ltr'><strong>opera</strong></span> <span class='ocrx_word' id='word_1_536' title='bbox 2935 4094 3139 4157; x_wconf 89' lang='lat' dir='ltr'><strong>solum</strong></span> <span class='ocrx_word' id='word_1_537' title='bbox 3168 4100 3242 4155; x_wconf 85' lang='lat' dir='ltr'><strong>ut</strong></span> <span class='ocrx_word' id='word_1_538' title='bbox 3271 4094 3394 4155; x_wconf 88' lang='lat' dir='ltr'><strong>Deo</strong></span> <span class='ocrx_word' id='word_1_539' title='bbox 3425 4088 3725 4173; x_wconf 76' lang='lat' dir='ltr'><strong>placent;sic</strong></span> 
     </span>
     <span class='ocr_line' id='line_1_42' title="bbox 612 4183 3726 4269; baseline -0.002 -22"><span class='ocrx_word' id='word_1_540' title='bbox 612 4188 816 4249; x_wconf 83' lang='lat' dir='ltr'><strong>solum</strong></span> <span class='ocrx_word' id='word_1_541' title='bbox 842 4194 1145 4269; x_wconf 76' lang='lat' dir='ltr'><strong>qnantum</strong></span> <span class='ocrx_word' id='word_1_542' title='bbox 1168 4190 1247 4252; x_wconf 82' lang='lat' dir='ltr'><strong>ad</strong></span> <span class='ocrx_word' id='word_1_543' title='bbox 1276 4192 1591 4268; x_wconf 80' lang='lat' dir='ltr'><strong>effectum,</strong></span> <span class='ocrx_word' id='word_1_544' title='bbox 1625 4192 1737 4253; x_wconf 85' lang='lat' dir='ltr'><strong>sed</strong></span> <span class='ocrx_word' id='word_1_545' title='bbox 1766 4192 1957 4254; x_wconf 81' lang='lat' dir='ltr'><strong>etiam</strong></span> <span class='ocrx_word' id='word_1_546' title='bbox 1980 4208 2172 4269; x_wconf 78' lang='lat' dir='ltr'><strong>quan-</strong></span> <span class='ocrx_word' id='word_1_547' title='bbox 2255 4190 2422 4253; x_wconf 86' lang='lat' dir='ltr'><strong>enim</strong></span> <span class='ocrx_word' id='word_1_548' title='bbox 2449 4188 2554 4251; x_wconf 82' lang='lat' dir='ltr'><strong>illa</strong></span> <span class='ocrx_word' id='word_1_549' title='bbox 2573 4188 2792 4251; x_wconf 78' lang='lat' dir='ltr'><strong>relatio</strong></span> <span class='ocrx_word' id='word_1_550' title='bbox 2819 4188 3028 4269; x_wconf 87' lang='lat' dir='ltr'><strong>potius</strong></span> <span class='ocrx_word' id='word_1_551' title='bbox 3054 4186 3391 4269; x_wconf 85' lang='lat' dir='ltr'><strong>pertinebit</strong></span> <span class='ocrx_word' id='word_1_552' title='bbox 3429 4186 3506 4247; x_wconf 80' lang='lat' dir='ltr'><strong>sd</strong></span> <span class='ocrx_word' id='word_1_553' title='bbox 3535 4183 3726 4245; x_wconf 79' lang='lat' dir='ltr'><strong>charita-</strong></span> 
     </span>
     <span class='ocr_line' id='line_1_43' title="bbox 612 4279 3726 4361; baseline -0.003 -20"><span class='ocrx_word' id='word_1_554' title='bbox 612 4288 747 4341; x_wconf 82' lang='lat' dir='ltr'><strong>tum</strong></span> <span class='ocrx_word' id='word_1_555' title='bbox 790 4282 871 4343; x_wconf 82' lang='lat' dir='ltr'><strong>ad</strong></span> <span class='ocrx_word' id='word_1_556' title='bbox 900 4300 1108 4358; x_wconf 89' lang='lat' dir='ltr'><strong>usum,</strong></span> <span class='ocrx_word' id='word_1_557' title='bbox 1140 4289 1203 4345; x_wconf 90' lang='lat' dir='ltr'><strong>et</strong></span> <span class='ocrx_word' id='word_1_558' title='bbox 1230 4284 1477 4346; x_wconf 78' lang='lat' dir='ltr'><strong>actuale</strong></span> <span class='ocrx_word' id='word_1_559' title='bbox 1524 4285 1890 4346; x_wconf 84' lang='lat' dir='ltr'><strong>exercitium</strong></span> <span class='ocrx_word' id='word_1_560' title='bbox 1920 4284 2169 4347; x_wconf 89' lang='lat' dir='ltr'><strong>humili·</strong></span> <span class='ocrx_word' id='word_1_561' title='bbox 2252 4290 2372 4347; x_wconf 88' lang='lat' dir='ltr'><strong>tem</strong></span> <span class='ocrx_word' id='word_1_562' title='bbox 2407 4282 2508 4345; x_wconf 79' lang='lat' dir='ltr'><strong>vel</strong></span> <span class='ocrx_word' id='word_1_563' title='bbox 2549 4282 3021 4361; x_wconf 81' lang='lat' dir='ltr'><strong>obedientiem3</strong></span> <span class='ocrx_word' id='word_1_564' title='bbox 3055 4282 3168 4345; x_wconf 88' lang='lat' dir='ltr'><strong>sed</strong></span> <span class='ocrx_word' id='word_1_565' title='bbox 3219 4279 3646 4343; x_wconf 73' lang='lat' dir='ltr'><strong>considerantur</strong></span> <span class='ocrx_word' id='word_1_566' title='bbox 3683 4282 3726 4333; x_wconf 77' lang='lat' dir='ltr'><strong>ut</strong></span> 
     </span>
     <span class='ocr_line' id='line_1_44' title="bbox 614 4368 3726 4457; baseline -0.001 -22"><span class='ocrx_word' id='word_1_567' title='bbox 614 4374 807 4435; x_wconf 76' lang='lat' dir='ltr'><strong>tntis?</strong></span> <span class='ocrx_word' id='word_1_568' title='bbox 836 4392 986 4455; x_wconf 83' lang='lat' dir='ltr'><strong>ergo</strong></span> <span class='ocrx_word' id='word_1_569' title='bbox 1012 4393 1219 4454; x_wconf 89' lang='lat' dir='ltr'><strong>neque</strong></span> <span class='ocrx_word' id='word_1_570' title='bbox 1248 4384 1559 4457; x_wconf 77' lang='lat' dir='ltr'><strong>repugnat</strong></span> <span class='ocrx_word' id='word_1_571' title='bbox 1592 4378 1731 4439; x_wconf 80' lang='lat' dir='ltr'><strong>dari</strong></span> <span class='ocrx_word' id='word_1_572' title='bbox 1774 4383 1985 4439; x_wconf 84' lang='lat' dir='ltr'><strong>actum</strong></span> <span class='ocrx_word' id='word_1_573' title='bbox 2017 4378 2170 4441; x_wconf 85' lang='lat' dir='ltr'><strong>intc-</strong></span> <span class='ocrx_word' id='word_1_574' title='bbox 2251 4376 2316 4439; x_wconf 82' lang='lat' dir='ltr'><strong>in</strong></span> <span class='ocrx_word' id='word_1_575' title='bbox 2342 4378 2646 4438; x_wconf 88' lang='lat' dir='ltr'><strong>honorem</strong></span> <span class='ocrx_word' id='word_1_576' title='bbox 2675 4376 2786 4437; x_wconf 90' lang='lat' dir='ltr'><strong>Dei</strong></span> <span class='ocrx_word' id='word_1_577' title='bbox 2813 4376 3072 4451; x_wconf 83' lang='lat' dir='ltr'><strong>cedunt,</strong></span> <span class='ocrx_word' id='word_1_578' title='bbox 3107 4381 3174 4437; x_wconf 88' lang='lat' dir='ltr'><strong>et</strong></span> <span class='ocrx_word' id='word_1_579' title='bbox 3197 4376 3291 4437; x_wconf 88' lang='lat' dir='ltr'><strong>sic</strong></span> <span class='ocrx_word' id='word_1_580' title='bbox 3335 4392 3410 4437; x_wconf 82' lang='lat' dir='ltr'><strong>ea</strong></span> <span class='ocrx_word' id='word_1_581' title='bbox 3441 4372 3652 4441; x_wconf 83' lang='lat' dir='ltr'><strong>referre,</strong></span> <span class='ocrx_word' id='word_1_582' title='bbox 3673 4368 3726 4427; x_wconf 79' lang='lat' dir='ltr'><strong>ad</strong></span> 
     </span>
     <span class='ocr_line' id='line_1_45' title="bbox 613 4464 3726 4551; baseline -0.001 -25"><span class='ocrx_word' id='word_1_583' title='bbox 613 4468 849 4527; x_wconf 85' lang='lat' dir='ltr'><strong>riorem</strong></span> <span class='ocrx_word' id='word_1_584' title='bbox 864 4464 1205 4530; x_wconf 80' lang='lat' dir='ltr'><strong>habentem</strong></span> <span class='ocrx_word' id='word_1_585' title='bbox 1228 4468 1640 4551; x_wconf 78' lang='lat' dir='ltr'><strong>sufficientem</strong></span> <span class='ocrx_word' id='word_1_586' title='bbox 1670 4469 2168 4549; x_wconf 86' lang='lat' dir='ltr'><strong>proportionem,</strong></span> <span class='ocrx_word' id='word_1_587' title='bbox 2253 4469 2624 4549; x_wconf 80' lang='lat' dir='ltr'><strong>religionem</strong></span> <span class='ocrx_word' id='word_1_588' title='bbox 2673 4474 2938 4549; x_wconf 81' lang='lat' dir='ltr'><strong>spectat.</strong></span> <span class='ocrx_word' id='word_1_589' title='bbox 3003 4470 3222 4548; x_wconf 88' lang='lat' dir='ltr'><strong>Neque</strong></span> <span class='ocrx_word' id='word_1_590' title='bbox 3265 4468 3346 4530; x_wconf 80' lang='lat' dir='ltr'><strong>ad</strong></span> <span class='ocrx_word' id='word_1_591' title='bbox 3401 4468 3510 4529; x_wconf 83' lang='lat' dir='ltr'><strong>hoc</strong></span> <span class='ocrx_word' id='word_1_592' title='bbox 3553 4464 3726 4543; x_wconf 80' lang='lat' dir='ltr'><strong>oportet</strong></span> 
     </span>
     <span class='ocr_line' id='line_1_46' title="bbox 614 4558 3726 4644; baseline -0.002 -24"><span class='ocrx_word' id='word_1_593' title='bbox 614 4565 684 4621; x_wconf 88' lang='lat' dir='ltr'><strong>ut</strong></span> <span class='ocrx_word' id='word_1_594' title='bbox 728 4559 806 4622; x_wconf 89' lang='lat' dir='ltr'><strong>sit</strong></span> <span class='ocrx_word' id='word_1_595' title='bbox 848 4566 997 4623; x_wconf 85' lang='lat' dir='ltr'><strong>noto.</strong></span> <span class='ocrx_word' id='word_1_596' title='bbox 1032 4560 1433 4626; x_wconf 80' lang='lat' dir='ltr'><strong>adorationis.</strong></span> <span class='ocrx_word' id='word_1_597' title='bbox 1460 4565 1655 4625; x_wconf 87' lang='lat' dir='ltr'><strong>Omne</strong></span> <span class='ocrx_word' id='word_1_598' title='bbox 1706 4564 1875 4625; x_wconf 90' lang='lat' dir='ltr'><strong>enim</strong></span> <span class='ocrx_word' id='word_1_599' title='bbox 1920 4564 2172 4644; x_wconf 84' lang='lat' dir='ltr'><strong>signum</strong></span> <span class='ocrx_word' id='word_1_600' title='bbox 2255 4568 2542 4642; x_wconf 80' lang='lat' dir='ltr'><strong>spectare</strong></span> <span class='ocrx_word' id='word_1_601' title='bbox 2573 4560 2762 4625; x_wconf 78' lang='lat' dir='ltr'><strong>elium</strong></span> <span class='ocrx_word' id='word_1_602' title='bbox 2815 4562 3292 4643; x_wconf 81' lang='lat' dir='ltr'><strong>proportionem</strong></span> <span class='ocrx_word' id='word_1_603' title='bbox 3336 4568 3546 4643; x_wconf 79' lang='lat' dir='ltr'><strong>praeter</strong></span> <span class='ocrx_word' id='word_1_604' title='bbox 3567 4558 3726 4617; x_wconf 77' lang='lat' dir='ltr'><strong>hones·</strong></span> 
     </span>
     <span class='ocr_line' id='line_1_47' title="bbox 614 4648 3722 4737; baseline -0.002 -23"><span class='ocrx_word' id='word_1_605' title='bbox 614 4652 980 4716; x_wconf 80' lang='lat' dir='ltr'><strong>humilitatis</strong></span> <span class='ocrx_word' id='word_1_606' title='bbox 1006 4661 1295 4735; x_wconf 82' lang='lat' dir='ltr'><strong>respectu</strong></span> <span class='ocrx_word' id='word_1_607' title='bbox 1326 4656 1431 4717; x_wconf 90' lang='lat' dir='ltr'><strong>Dei</strong></span> <span class='ocrx_word' id='word_1_608' title='bbox 1457 4662 1665 4736; x_wconf 88' lang='lat' dir='ltr'><strong>potest</strong></span> <span class='ocrx_word' id='word_1_609' title='bbox 1708 4658 1899 4719; x_wconf 81' lang='lat' dir='ltr'><strong>etiam</strong></span> <span class='ocrx_word' id='word_1_610' title='bbox 1928 4676 2070 4719; x_wconf 89' lang='lat' dir='ltr'><strong>esse</strong></span> <span class='ocrx_word' id='word_1_611' title='bbox 2095 4658 2176 4717; x_wconf 86' lang='lat' dir='ltr'><strong>si·</strong></span> <span class='ocrx_word' id='word_1_612' title='bbox 2253 4662 2470 4729; x_wconf 82' lang='lat' dir='ltr'><strong>tatem,</strong></span> <span class='ocrx_word' id='word_1_613' title='bbox 2501 4656 2851 4719; x_wconf 90' lang='lat' dir='ltr'><strong>secundum</strong></span> <span class='ocrx_word' id='word_1_614' title='bbox 2893 4674 3082 4737; x_wconf 82' lang='lat' dir='ltr'><strong>quam</strong></span> <span class='ocrx_word' id='word_1_615' title='bbox 3131 4662 3276 4718; x_wconf 86' lang='lat' dir='ltr'><strong>sunt</strong></span> <span class='ocrx_word' id='word_1_616' title='bbox 3321 4652 3556 4734; x_wconf 81' lang='lat' dir='ltr'><strong>speciali</strong></span> <span class='ocrx_word' id='word_1_617' title='bbox 3595 4648 3722 4713; x_wconf 83' lang='lat' dir='ltr'><strong>modo</strong></span> 
     </span>
     <span class='ocr_line' id='line_1_48' title="bbox 612 4743 3725 4831; baseline -0.001 -23"><span class='ocrx_word' id='word_1_618' title='bbox 612 4766 807 4827; x_wconf 82' lang='lat' dir='ltr'><strong>gnum</strong></span> <span class='ocrx_word' id='word_1_619' title='bbox 839 4748 1243 4823; x_wconf 81' lang='lat' dir='ltr'><strong>adorationis,</strong></span> <span class='ocrx_word' id='word_1_620' title='bbox 1270 4750 1324 4812; x_wconf 86' lang='lat' dir='ltr'><strong>si</strong></span> <span class='ocrx_word' id='word_1_621' title='bbox 1352 4768 1431 4812; x_wconf 84' lang='lat' dir='ltr'><strong>ex</strong></span> <span class='ocrx_word' id='word_1_622' title='bbox 1461 4751 1713 4831; x_wconf 87' lang='lat' dir='ltr'><strong>proprio</strong></span> <span class='ocrx_word' id='word_1_623' title='bbox 1742 4760 1803 4815; x_wconf 84' lang='lat' dir='ltr'><strong>et</strong></span> <span class='ocrx_word' id='word_1_624' title='bbox 1824 4768 2173 4813; x_wconf 79' lang='lat' dir='ltr'><strong>accommo-</strong></span> <span class='ocrx_word' id='word_1_625' title='bbox 2254 4750 2762 4830; x_wconf 80' lang='lat' dir='ltr'><strong>participationes</strong></span> <span class='ocrx_word' id='word_1_626' title='bbox 2785 4749 3008 4813; x_wconf 71' lang='lat' dir='ltr'><strong>divinae</strong></span> <span class='ocrx_word' id='word_1_627' title='bbox 3031 4749 3384 4825; x_wconf 69' lang='lat' dir='ltr'><strong>voluntatis,</strong></span> <span class='ocrx_word' id='word_1_628' title='bbox 3416 4747 3636 4827; x_wconf 82' lang='lat' dir='ltr'><strong>ejusque</strong></span> <span class='ocrx_word' id='word_1_629' title='bbox 3653 4743 3725 4803; x_wconf 83' lang='lat' dir='ltr'><strong>bo·</strong></span> 
     </span>
     <span class='ocr_line' id='line_1_49' title="bbox 614 4836 3725 4925; baseline -0.002 -22"><span class='ocrx_word' id='word_1_630' title='bbox 614 4842 759 4905; x_wconf 82' lang='lat' dir='ltr'><strong>dato</strong></span> <span class='ocrx_word' id='word_1_631' title='bbox 790 4844 1023 4907; x_wconf 85' lang='lat' dir='ltr'><strong>motivo</strong></span> <span class='ocrx_word' id='word_1_632' title='bbox 1056 4845 1450 4922; x_wconf 76' lang='lat' dir='ltr'><strong>exhibentur,</strong></span> <span class='ocrx_word' id='word_1_633' title='bbox 1480 4845 1659 4925; x_wconf 78' lang='lat' dir='ltr'><strong>juxte</strong></span> <span class='ocrx_word' id='word_1_634' title='bbox 1687 4844 1853 4907; x_wconf 80' lang='lat' dir='ltr'><strong>dicte</strong></span> <span class='ocrx_word' id='word_1_635' title='bbox 1896 4846 2172 4907; x_wconf 83' lang='lat' dir='ltr'><strong>sectione</strong></span> <span class='ocrx_word' id='word_1_636' title='bbox 2256 4844 2490 4918; x_wconf 75' lang='lat' dir='ltr'><strong>nitatiS,</strong></span> <span class='ocrx_word' id='word_1_637' title='bbox 2521 4862 2715 4924; x_wconf 83' lang='lat' dir='ltr'><strong>quam</strong></span> <span class='ocrx_word' id='word_1_638' title='bbox 2735 4844 3081 4925; x_wconf 80' lang='lat' dir='ltr'><strong>proedicent</strong></span> <span class='ocrx_word' id='word_1_639' title='bbox 3105 4850 3168 4907; x_wconf 87' lang='lat' dir='ltr'><strong>et</strong></span> <span class='ocrx_word' id='word_1_640' title='bbox 3191 4843 3501 4905; x_wconf 82' lang='lat' dir='ltr'><strong>declarant</strong></span> <span class='ocrx_word' id='word_1_641' title='bbox 3545 4836 3725 4919; x_wconf 79' lang='lat' dir='ltr'><strong>proprio</strong></span> 
     </span>
     <span class='ocr_line' id='line_1_50' title="bbox 616 4928 3730 5017; baseline -0.004 -19"><span class='ocrx_word' id='word_1_642' title='bbox 616 4938 1028 5017; x_wconf 69' lang='lat' dir='ltr'><strong>praecedente.</strong></span> <span class='ocrx_word' id='word_1_643' title='bbox 2259 4938 2534 5017; x_wconf 82' lang='lat' dir='ltr'><strong>quodam</strong></span> <span class='ocrx_word' id='word_1_644' title='bbox 2561 4942 2624 5001; x_wconf 92' lang='lat' dir='ltr'><strong>et</strong></span> <span class='ocrx_word' id='word_1_645' title='bbox 2649 4938 2950 5017; x_wconf 83' lang='lat' dir='ltr'><strong>singulari</strong></span> <span class='ocrx_word' id='word_1_646' title='bbox 2979 4937 3192 5012; x_wconf 88' lang='lat' dir='ltr'><strong>modo,</strong></span> <span class='ocrx_word' id='word_1_647' title='bbox 3223 4941 3290 4999; x_wconf 87' lang='lat' dir='ltr'><strong>et</strong></span> <span class='ocrx_word' id='word_1_648' title='bbox 3307 4936 3448 4999; x_wconf 85' lang='lat' dir='ltr'><strong>ideo</strong></span> <span class='ocrx_word' id='word_1_649' title='bbox 3474 4939 3596 4996; x_wconf 83' lang='lat' dir='ltr'><strong>sunt</strong></span> <span class='ocrx_word' id='word_1_650' title='bbox 3617 4931 3662 4989; x_wconf 88' lang='lat' dir='ltr'><strong>in</strong></span> <span class='ocrx_word' id='word_1_651' title='bbox 3679 4928 3730 4989; x_wconf 87' lang='lat' dir='ltr'><strong>il·</strong></span> 
     </span>
    </p>
   </div>
   <div class='ocr_carea' id='block_1_3' title="bbox 3783 3063 3786 3235">
    <p class='ocr_par' dir='ltr' id='par_1_4' title="bbox 3783 3063 3786 3235">
     <span class='ocr_line' id='line_1_51' title="bbox 3783 3063 3786 3235; baseline 0 2932"><span class='ocrx_word' id='word_1_652' title='bbox 3783 3063 3786 3235; x_wconf 95' lang='lat' dir='ltr'><strong> </strong></span> 
     </span>
    </p>
   </div>
   <div class='ocr_carea' id='block_1_4' title="bbox 610 5022 3729 5583">
    <p class='ocr_par' dir='ltr' id='par_1_5' title="bbox 610 5022 3729 5583">
     <span class='ocr_line' id='line_1_52' title="bbox 694 5022 3726 5112; baseline -0.003 -21"><span class='ocrx_word' id='word_1_653' title='bbox 694 5032 796 5093; x_wconf 72' lang='lat'><strong>29.</strong></span> <span class='ocrx_word' id='word_1_654' title='bbox 838 5030 1088 5101; x_wconf 82' lang='lat' dir='ltr'><strong>Quoeret</strong></span> <span class='ocrx_word' id='word_1_655' title='bbox 1104 5039 1319 5095; x_wconf 80' lang='lat' dir='ltr'><strong>nutem</strong></span> <span class='ocrx_word' id='word_1_656' title='bbox 1368 5033 1593 5112; x_wconf 78' lang='lat' dir='ltr'><strong>aliquis</strong></span> <span class='ocrx_word' id='word_1_657' title='bbox 1624 5050 1707 5095; x_wconf 80' lang='lat' dir='ltr'><strong>an</strong></span> <span class='ocrx_word' id='word_1_658' title='bbox 1760 5034 1825 5095; x_wconf 90' lang='lat' dir='ltr'><strong>in</strong></span> <span class='ocrx_word' id='word_1_659' title='bbox 1880 5034 2177 5098; x_wconf 88' lang='lat' dir='ltr'><strong>omnibus</strong></span> <span class='ocrx_word' id='word_1_660' title='bbox 2257 5032 2389 5093; x_wconf 86' lang='lat' dir='ltr'><strong>lum</strong></span> <span class='ocrx_word' id='word_1_661' title='bbox 2437 5031 2792 5112; x_wconf 78' lang='lat' dir='ltr'><strong>specialiter</strong></span> <span class='ocrx_word' id='word_1_662' title='bbox 2829 5032 3188 5107; x_wconf 76' lang='lat' dir='ltr'><strong>rescribilia,</strong></span> <span class='ocrx_word' id='word_1_663' title='bbox 3219 5038 3284 5093; x_wconf 86' lang='lat' dir='ltr'><strong>et</strong></span> <span class='ocrx_word' id='word_1_664' title='bbox 3333 5028 3414 5091; x_wconf 83' lang='lat' dir='ltr'><strong>ob</strong></span> <span class='ocrx_word' id='word_1_665' title='bbox 3457 5022 3726 5105; x_wconf 81' lang='lat' dir='ltr'><strong>Augustino</strong></span> 
     </span>
     <span class='ocr_line' id='line_1_53' title="bbox 610 5114 3728 5204; baseline -0.004 -20"><span class='ocrx_word' id='word_1_666' title='bbox 610 5124 911 5187; x_wconf 77' lang='lat' dir='ltr'><strong>virtutum</strong></span> <span class='ocrx_word' id='word_1_667' title='bbox 932 5125 1197 5197; x_wconf 75' lang='lat' dir='ltr'><strong>actibuS,</strong></span> <span class='ocrx_word' id='word_1_668' title='bbox 1220 5133 1347 5187; x_wconf 76' lang='lat' dir='ltr'><strong>tem</strong></span> <span class='ocrx_word' id='word_1_669' title='bbox 1373 5126 1635 5188; x_wconf 89' lang='lat' dir='ltr'><strong>internis</strong></span> <span class='ocrx_word' id='word_1_670' title='bbox 1658 5142 1851 5204; x_wconf 82' lang='lat' dir='ltr'><strong>quam</strong></span> <span class='ocrx_word' id='word_1_671' title='bbox 1876 5126 2173 5203; x_wconf 78' lang='lat' dir='ltr'><strong>externis,</strong></span> <span class='ocrx_word' id='word_1_672' title='bbox 2257 5126 2572 5189; x_wconf 87' lang='lat' dir='ltr'><strong>interdum</strong></span> <span class='ocrx_word' id='word_1_673' title='bbox 2605 5130 2909 5189; x_wconf 81' lang='lat' dir='ltr'><strong>vocantur</strong></span> <span class='ocrx_word' id='word_1_674' title='bbox 2939 5125 3262 5200; x_wconf 77' lang='lat' dir='ltr'><strong>sacrificia,</strong></span> <span class='ocrx_word' id='word_1_675' title='bbox 3293 5122 3402 5185; x_wconf 90' lang='lat' dir='ltr'><strong>lib.</strong></span> <span class='ocrx_word' id='word_1_676' title='bbox 3438 5123 3508 5184; x_wconf 81' lang='lat'><strong>10</strong></span> <span class='ocrx_word' id='word_1_677' title='bbox 3529 5118 3593 5181; x_wconf 87' lang='lat' dir='ltr'><strong>de</strong></span> <span class='ocrx_word' id='word_1_678' title='bbox 3619 5114 3728 5178; x_wconf 71' lang='lat' dir='ltr'><strong>Civi-</strong></span> 
     </span>
     <span class='ocr_line' id='line_1_54' title="bbox 612 5212 3729 5300; baseline -0.004 -21"><span class='ocrx_word' id='word_1_679' title='bbox 612 5219 965 5297; x_wconf 84' lang='lat' dir='ltr'><strong>reperiatur</strong></span> <span class='ocrx_word' id='word_1_680' title='bbox 983 5218 1115 5283; x_wconf 78' lang='lat' dir='ltr'><strong>haec</strong></span> <span class='ocrx_word' id='word_1_681' title='bbox 1143 5217 1425 5297; x_wconf 75' lang='lat' dir='ltr'><strong>aptitudo</strong></span> <span class='ocrx_word' id='word_1_682' title='bbox 1448 5236 1559 5281; x_wconf 82' lang='lat' dir='ltr'><strong>seu</strong></span> <span class='ocrx_word' id='word_1_683' title='bbox 1585 5220 1924 5297; x_wconf 86' lang='lat' dir='ltr'><strong>proportio,</strong></span> <span class='ocrx_word' id='word_1_684' title='bbox 1949 5226 2020 5281; x_wconf 86' lang='lat' dir='ltr'><strong>ut</strong></span> <span class='ocrx_word' id='word_1_685' title='bbox 2035 5238 2177 5300; x_wconf 87' lang='lat' dir='ltr'><strong>pos-</strong></span> <span class='ocrx_word' id='word_1_686' title='bbox 2261 5226 2400 5293; x_wconf 68' lang='lat' dir='ltr'><strong>tot„</strong></span> <span class='ocrx_word' id='word_1_687' title='bbox 2451 5238 2591 5300; x_wconf 81' lang='lat' dir='ltr'><strong>cap.</strong></span> <span class='ocrx_word' id='word_1_688' title='bbox 2639 5220 2700 5281; x_wconf 83' lang='lat'><strong>6.</strong></span> <span class='ocrx_word' id='word_1_689' title='bbox 2745 5220 2822 5281; x_wconf 85' lang='lat' dir='ltr'><strong>Et</strong></span> <span class='ocrx_word' id='word_1_690' title='bbox 2865 5220 3306 5289; x_wconf 78' lang='lat' dir='ltr'><strong>confirmatur,</strong></span> <span class='ocrx_word' id='word_1_691' title='bbox 3363 5232 3500 5279; x_wconf 80' lang='lat' dir='ltr'><strong>nam</strong></span> <span class='ocrx_word' id='word_1_692' title='bbox 3541 5212 3729 5293; x_wconf 78' lang='lat' dir='ltr'><strong>propter</strong></span> 
     </span>
     <span class='ocr_line' id='line_1_55' title="bbox 614 5304 3728 5393; baseline -0.001 -23"><span class='ocrx_word' id='word_1_693' title='bbox 614 5310 737 5371; x_wconf 84' lang='lat' dir='ltr'><strong>sint</strong></span> <span class='ocrx_word' id='word_1_694' title='bbox 767 5311 999 5373; x_wconf 81' lang='lat' dir='ltr'><strong>assumi</strong></span> <span class='ocrx_word' id='word_1_695' title='bbox 1020 5319 1321 5391; x_wconf 73' lang='lat' dir='ltr'><strong>tanquam</strong></span> <span class='ocrx_word' id='word_1_696' title='bbox 1348 5316 1511 5374; x_wconf 81' lang='lat' dir='ltr'><strong>notae</strong></span> <span class='ocrx_word' id='word_1_697' title='bbox 1526 5310 1755 5375; x_wconf 77' lang='lat' dir='ltr'><strong>divinoe</strong></span> <span class='ocrx_word' id='word_1_698' title='bbox 1776 5312 2171 5374; x_wconf 80' lang='lat' dir='ltr'><strong>adorationis.</strong></span> <span class='ocrx_word' id='word_1_699' title='bbox 2258 5315 2422 5375; x_wconf 83' lang='lat' dir='ltr'><strong>hanc</strong></span> <span class='ocrx_word' id='word_1_700' title='bbox 2449 5332 2704 5377; x_wconf 76' lang='lat' dir='ltr'><strong>causam</strong></span> <span class='ocrx_word' id='word_1_701' title='bbox 2731 5312 2995 5393; x_wconf 84' lang='lat' dir='ltr'><strong>quilibet</strong></span> <span class='ocrx_word' id='word_1_702' title='bbox 3015 5318 3192 5375; x_wconf 82' lang='lat' dir='ltr'><strong>actus</strong></span> <span class='ocrx_word' id='word_1_703' title='bbox 3219 5308 3474 5383; x_wconf 85' lang='lat' dir='ltr'><strong>virtutis,</strong></span> <span class='ocrx_word' id='word_1_704' title='bbox 3513 5304 3601 5385; x_wconf 81' lang='lat' dir='ltr'><strong>qui</strong></span> <span class='ocrx_word' id='word_1_705' title='bbox 3635 5318 3728 5361; x_wconf 77' lang='lat' dir='ltr'><strong>me·</strong></span> 
     </span>
     <span class='ocr_line' id='line_1_56' title="bbox 616 5392 3728 5497; baseline -0.003 -31"><span class='ocrx_word' id='word_1_706' title='bbox 616 5404 873 5476; x_wconf 81' lang='lat' dir='ltr'><strong>Quidam</strong></span> <span class='ocrx_word' id='word_1_707' title='bbox 896 5408 1068 5469; x_wconf 89' lang='lat' dir='ltr'><strong>enim</strong></span> <span class='ocrx_word' id='word_1_708' title='bbox 1096 5407 1455 5488; x_wconf 85' lang='lat' dir='ltr'><strong>simpliciter</strong></span> <span class='ocrx_word' id='word_1_709' title='bbox 1480 5408 1821 5470; x_wconf 79' lang='lat' dir='ltr'><strong>affirmant.</strong></span> <span class='ocrx_word' id='word_1_710' title='bbox 1854 5409 1988 5471; x_wconf 81' lang='lat' dir='ltr'><strong>imo</strong></span> <span class='ocrx_word' id='word_1_711' title='bbox 2007 5408 2179 5471; x_wconf 83' lang='lat' dir='ltr'><strong>vide·</strong></span> <span class='ocrx_word' id='word_1_712' title='bbox 2255 5410 2480 5472; x_wconf 89' lang='lat' dir='ltr'><strong>liorem</strong></span> <span class='ocrx_word' id='word_1_713' title='bbox 2503 5426 2636 5471; x_wconf 87' lang='lat' dir='ltr'><strong>non</strong></span> <span class='ocrx_word' id='word_1_714' title='bbox 2689 5406 3019 5487; x_wconf 87' lang='lat' dir='ltr'><strong>impediat,</strong></span> <span class='ocrx_word' id='word_1_715' title='bbox 3065 5408 3272 5487; x_wconf 83' lang='lat' dir='ltr'><strong>potest</strong></span> <span class='ocrx_word' id='word_1_716' title='bbox 3297 5422 3411 5487; x_wconf 85' lang='lat' dir='ltr'><strong>per</strong></span> <span class='ocrx_word' id='word_1_717' title='bbox 3433 5406 3614 5463; x_wconf 78' lang='lat' dir='ltr'><strong>votnm</strong></span> <span class='ocrx_word' id='word_1_718' title='bbox 3635 5392 3728 5497; x_wconf 64' lang='lat' dir='ltr'><strong>Dfo</strong></span> 
     </span>
     <span class='ocr_line' id='line_1_57' title="bbox 614 5490 3722 5583; baseline -0.005 -25"><span class='ocrx_word' id='word_1_719' title='bbox 614 5504 718 5558; x_wconf 79' lang='lat' dir='ltr'><strong>tur</strong></span> <span class='ocrx_word' id='word_1_720' title='bbox 746 5516 883 5561; x_wconf 84' lang='lat' dir='ltr'><strong>esse</strong></span> <span class='ocrx_word' id='word_1_721' title='bbox 910 5500 1219 5563; x_wconf 73' lang='lat' dir='ltr'><strong>sententia</strong></span> <span class='ocrx_word' id='word_1_722' title='bbox 1241 5500 1314 5561; x_wconf 83' lang='lat' dir='ltr'><strong>D.</strong></span> <span class='ocrx_word' id='word_1_723' title='bbox 1343 5500 1619 5572; x_wconf 73' lang='lat' dir='ltr'><strong>Thomas,</strong></span> <span class='ocrx_word' id='word_1_724' title='bbox 1651 5500 1718 5563; x_wconf 85' lang='lat' dir='ltr'><strong>in</strong></span> <span class='ocrx_word' id='word_1_725' title='bbox 1754 5502 1811 5575; x_wconf 91' lang='grc'><strong>3,</strong></span> <span class='ocrx_word' id='word_1_726' title='bbox 1848 5500 1990 5563; x_wconf 75' lang='lat' dir='ltr'><strong>dist.</strong></span> <span class='ocrx_word' id='word_1_727' title='bbox 2023 5504 2084 5579; x_wconf 85' lang='lat'><strong>9,</strong></span> <span class='ocrx_word' id='word_1_728' title='bbox 2109 5520 2172 5583; x_wconf 84' lang='lat' dir='ltr'><strong>q.</strong></span> <span class='ocrx_word' id='word_1_729' title='bbox 2258 5502 2494 5583; x_wconf 81' lang='lat' dir='ltr'><strong>offerri,</strong></span> <span class='ocrx_word' id='word_1_730' title='bbox 2515 5518 2662 5567; x_wconf 84' lang='lat' dir='ltr'><strong>cum</strong></span> <span class='ocrx_word' id='word_1_731' title='bbox 2689 5508 2901 5567; x_wconf 70' lang='lat' dir='ltr'><strong>tamen</strong></span> <span class='ocrx_word' id='word_1_732' title='bbox 2928 5506 3142 5563; x_wconf 80' lang='lat' dir='ltr'><strong>votum</strong></span> <span class='ocrx_word' id='word_1_733' title='bbox 3171 5499 3246 5563; x_wconf 85' lang='lat' dir='ltr'><strong>sit</strong></span> <span class='ocrx_word' id='word_1_734' title='bbox 3267 5503 3440 5561; x_wconf 79' lang='lat' dir='ltr'><strong>actus</strong></span> <span class='ocrx_word' id='word_1_735' title='bbox 3457 5490 3722 5570; x_wconf 73' lang='lat' dir='ltr'><strong>religionis.</strong></span> 
     </span>
    </p>
   </div>
  </div>
 </body>
</html>
