3892 6167
1335 339 1656 396 niseuu‘r.
1689 339 1883 394 XXVH.
1919 341 2091 396 SECT.
2126 344 2209 396 111.

161 443 346 524 telligi
399 446 610 524 potest
659 439 988 520 quomodo
1032 457 1146 522 per
1187 439 1354 502 hanc
1395 441 1724 504 scientium

159 541 494 618 cognoscat
539 535 753 596 anime
805 534 1038 596 Christi
1078 553 1180 598 res
1224 536 1569 618 praeteritus
1616 533 1724 598 tali

160 641 442 710 tempore
478 635 544 692 et
573 628 762 690 modo
789 626 1014 690 fuisse.
1041 629 1384 709 Dupliciter
1423 628 1590 690 enim
1616 647 1726 708 po·

159 732 273 788 test
327 722 700 802 hujusmodi
765 721 1158 802 praeteritum
1213 722 1532 804 cognosci.
1588 723 1726 788 Uno

157 817 367 892 modo,
401 835 521 898 per
551 815 814 878 modum
855 817 1174 878 memoriae
1209 817 1440 878 relictae
1468 834 1546 878 ex
1571 831 1728 896 prse-

157 911 404 976 cedenti
431 911 822 990 cognitione.
847 912 926 973 Et
953 910 1054 972 bic
1081 909 1306 972 modus
1333 911 1400 972 in
1431 909 1728 992 proesenti

159 1006 528 1068 difficultate
556 1005 832 1085 primum
873 1023 1004 1066 non
1043 1011 1246 1085 potest
1291 1023 1434 1068 esse
1477 1004 1727 1066 univer-

163 1101 322 1176 salis,
354 1100 512 1182 quia
537 1117 670 1162 non
697 1099 913 1161 omnia
943 1100 1251 1180 praeterita
1284 1105 1428 1162 actu
1469 1097 1726 1160 fuerunt

157 1195 410 1273 cognita
455 1193 564 1256 vel
607 1192 1004 1256 considerata
1055 1194 1136 1255 ab
1189 1195 1404 1258 enims.
1455 1193 1678 1255 Christi
1700 1237 1723 1270 ,

151 1287 414 1367 quando
443 1287 702 1348 fuerunt
729 1288 1065 1368 praesentia
1086 1333 1106 1363 ,
1137 1289 1309 1368 quod
1341 1288 1408 1350 in
1452 1288 1528 1350 iis
1571 1305 1728 1367 pree-

146 1383 398 1458 sertim,
457 1399 602 1462 quae
661 1381 918 1444 fuerunt
973 1388 1312 1462 antequam
1359 1381 1467 1443 illu
1513 1381 1728 1443 unIma

143 1482 502 1548 crearetur,
531 1481 628 1536 est
655 1474 1258 1548 manifestissimum,
1289 1481 1354 1538 et
1374 1474 1606 1538 deinde
1623 1473 1728 1536 hic

137 1575 362 1632 motus
390 1569 718 1630 memoriae
749 1572 844 1648 (ut
877 1587 997 1652 ego
1026 1570 1270 1650 opinor)
1297 1587 1427 1632 non
1454 1569 1730 1650 pertinet

135 1682 304 1745 pure
335 1663 428 1724 ad
453 1663 790 1726 scientiam
835 1664 1132 1738 infusam,
1165 1669 1235 1726 ut
1277 1663 1390 1726 sic.
1433 1664 1728 1725 Necessa-

131 1759 314 1820 rium
345 1761 450 1820 est
477 1757 656 1820 enim
679 1764 750 1818 nt
771 1758 913 1838 quis
939 1758 1134 1838 possit
1161 1757 1479 1820 recordari
1503 1763 1722 1836 proete·

127 1854 422 1914 ritorum
461 1870 544 1913 ex
585 1852 650 1914 vi
676 1852 1088 1932 praecedentis
1115 1851 1511 1931 cognitionis,
1541 1855 1612 1912 ut
1645 1867 1723 1912 ex

125 1947 244 2010 issa
277 1946 535 2028 aliquid
563 1946 628 2006 in
659 1947 963 2010 memoria
993 1946 1278 2008 relictum
1307 1945 1408 2021 sit,
1442 1943 1613 2026 quod
1642 1943 1722 2006 sit

121 2042 534 2122 principium
571 2040 739 2104 illius
776 2040 1250 2112 recordationis,
1277 2047 1338 2102 et
1359 2038 1570 2119 quoad
1603 2038 1723 2100 hoc

119 2136 456 2198 miscetur
479 2133 722 2214 aliquid
745 2135 1022 2196 selentiae
1037 2134 1374 2216 acquisitae,
1397 2150 1511 2194 seu
1535 2149 1726 2212 expe·

121 2230 420 2304 tinentiae,
451 2229 688 2290 saltem
721 2229 1192 2305 intellectualis,
1223 2226 1514 2308 quamvis
1541 2225 1720 2302 illud,

125 2325 316 2406 quod
353 2343 482 2404 per
507 2324 678 2386 hanc
711 2323 1082 2384 memoriam
1110 2322 1478 2400 acquiritur,
1527 2319 1728 2401 possit

129 2437 286 2482 esse
337 2417 870 2498 supernaturale,
903 2417 957 2478 si
998 2436 1036 2479 a
1077 2414 1535 2496 supernaturali
1581 2419 1726 2478 actu

141 2515 447 2576 relictum
477 2512 584 2574 sit.
615 2511 758 2574 Alio
787 2529 940 2592 ergo
967 2511 1157 2574 modo
1199 2515 1408 2590 potest
1448 2507 1728 2590 prateri-

137 2615 282 2669 t‘um
315 2605 632 2687 cognosci
672 2607 738 2666 in
769 2623 875 2681 se,
907 2604 1010 2668 vel
1040 2605 1109 2666 in
1153 2621 1269 2666 sua
1301 2621 1516 2678 ceusu,
1563 2619 1641 2666 ex
1665 2601 1726 2664 vi

133 2701 348 2764 solius
399 2699 687 2773 luminis,
739 2705 804 2761 et
853 2698 1204 2778 specierum
1257 2697 1631 2770 infusarum,
1663 2701 1728 2758 et

133 2797 268 2856 hoe
297 2793 500 2856 modo
537 2792 830 2854 existimo
848 2836 866 2865 ‚
899 2792 1188 2854 eamdem
1229 2808 1368 2854 esse
1415 2791 1728 2854 rationem

139 2889 208 2950 in
245 2885 724 2967 cognoscendis
765 2884 1092 2964 praeteritis
1143 2883 1470 2946 effectibus
1514 2882 1728 2946 liberis

141 3001 265 3046 sen
322 2977 870 3059 contingentibus,
925 2995 1064 3057 qum
1111 2983 1208 3040 est
1257 2977 1328 3040 in
1381 2975 1628 3052 futuris,
1667 2981 1730 3038 et

144 3075 236 3136 ita
275 3091 414 3136 non
438 3073 658 3134 minus
689 3071 964 3151 pertinet
1003 3070 1084 3132 sd
1116 3070 1354 3134 donum
1380 3069 1726 3152 prophetia

149 3167 288 3230 haec
345 3183 549 3246 quam
609 3164 738 3227 illa.
801 3166 877 3228 Et
941 3164 1099 3227 ratio
1157 3171 1256 3226 est
1275 3209 1297 3240 ,
1355 3164 1504 3244 quis
1555 3169 1730 3244 post·-

149 3279 348 3341 quam
399 3279 503 3322 res
545 3259 880 3339 praeteriit,
919 3258 1058 3338 jam
1097 3275 1230 3320 non
1276 3257 1479 3336 magis
1533 3257 1728 3320 hahet

155 3375 294 3419 esse
323 3375 526 3436 quam
558 3373 665 3418 res
691 3354 929 3427 futuru,
959 3361 1024 3416 et
1051 3354 1210 3416 sicut
1254 3351 1596 3432 propositio
1643 3351 1724 3414 de

153 3449 482 3530 praeterito
516 3454 614 3510 cst
651 3447 1063 3510 determinate
1085 3463 1261 3522 vera,
1287 3447 1432 3525 quia
1481 3463 1584 3508 res
1613 3445 1726 3506 sli-

161 3543 416 3621 quando
436 3543 576 3622 jum
605 3541 748 3616 fuit,
779 3542 866 3602 ita
897 3541 1238 3620 propositio
1267 3539 1348 3600 de
1377 3538 1588 3601 futuro
1629 3545 1728 3601 est

165 3639 350 3698 etiam
385 3635 810 3698 determinate
837 3651 986 3694 vera
1011 3679 1028 3706 ,
1063 3633 1214 3713 quie
1251 3651 1356 3696 res
1388 3631 1724 3711 aliquando

172 3731 298 3790 erit.
329 3729 640 3810 Cognovit
667 3745 820 3806 ergo
850 3728 1059 3788 anima
1089 3725 1310 3792 Christi
1343 3726 1480 3788 haec
1502 3732 1728 3805 praete-

169 3823 278 3884 rita
320 3824 524 3885 altero
558 3841 636 3884 ex
664 3822 916 3882 duobus
955 3819 1158 3882 modis
1196 3819 1426 3898 quibus
1453 3818 1728 3880 diximus

168 3917 534 3994 cognovisse
570 3915 780 3976 futura
799 3930 819 3992 3
851 3913 960 3994 qui
997 3911 1182 3974 facile
1225 3917 1492 3992 possunt
1529 3911 1728 3990 appli-

169 4011 312 4084 cari,
343 4015 600 4071 servata
627 4006 1069 4086 proportione;
1109 4011 1173 4068 et
1200 4006 1510 4085 posterior
1552 4003 1726 4064 vide·

171 4110 262 4164 tur
297 4102 743 4176 universalior,
791 4117 938 4161 nam
987 4099 1160 4182 quod
1204 4098 1502 4175 mundus,
1550 4097 1726 4160 verbi

171 4198 383 4275 gratia,
414 4196 531 4258 tali
553 4195 658 4257 die
687 4194 1015 4274 inceperit,
1043 4211 1188 4256 cum
1213 4211 1292 4254 ex
1319 4192 1453 4256 solu
1477 4191 1592 4254 Dei
1619 4207 1725 4254 vo·

175 4289 398 4351 luntate
441 4287 838 4368 dependerit,
871 4303 996 4347 non
1040 4285 1286 4348 videtur
1330 4282 1612 4365 possein
1655 4299 1724 4348 sc

173 4383 444 4446 intuitive
477 4381 678 4444 videri
707 4399 825 4462 per
855 4380 1052 4442 solam
1079 4378 1406 4442 scientiam
1425 4376 1722 4450 infusam.

178 4496 284 4559 qua
311 4495 442 4542 non
471 4477 726 4540 videtur
755 4476 892 4556 ipsa
921 4475 1210 4536 voluntas
1254 4471 1392 4538 Dei.
1441 4473 1516 4538 Et
1552 4471 1722 4550 ideo,

179 4573 376 4636 saltem
401 4572 476 4634 in
501 4571 612 4650 huj
621 4568 870 4632 asmodi
891 4567 1222 4632 effectibus
1241 4566 1488 4631 videtur
1501 4581 1726 4628 neces-

182 4667 320 4729 saria
348 4664 674 4732 evidentia
702 4661 1118 4726 testificantis.

773 4887 993 4940 sscno
1025 4887 1110 4940 111.

208 5041 372 5100 unam
413 5055 512 5100 res
559 5039 1018 5116 summm-ales
1061 5053 1161 5096 seu
1205 5035 1472 5112 mystesia
1505 5034 1704 5110 qratioe

327 5128 727 5188 contineantur
753 5123 854 5184 sub
873 5123 1079 5199 objecto
1103 5124 1262 5198 hujus
1277 5121 1545 5184 scientie.

253 5339 300 5396 l.
337 5335 402 5397 In
425 5333 551 5398 hac
577 5349 656 5394 re
685 5329 1051 5411 explicanda
1078 5330 1212 5392 fere
1251 5325 1426 5390 nulla
1453 5330 1549 5388 est
1565 5321 1728 5386 diffi-

199 5430 372 5506 cultas,
393 5449 550 5491 nam
581 5431 850 5508 propter
875 5425 988 5486 has
1023 5441 1122 5486 res
1147 5419 1619 5504 cognoscendas
1641 5417 1728 5482 vi·

201 5521 336 5585 detur
357 5521 722 5602 praesertim
763 5519 958 5598 posita
985 5517 1117 5582 haec
1145 5515 1427 5592 scientis,
1457 5512 1624 5575 unde
1657 5511 1728 5574 il-

1804 441 1880 504 1ae
1907 442 2199 506 videntur
2224 460 2363 506 esse
2392 445 2573 524 quasi
2600 442 2917 525 objectum
2941 447 3213 510 maxime
3230 467 3376 530 pro-

1805 535 2013 616 prium
2041 543 2105 601 et
2128 538 2675 600 accommodatum
2703 539 2815 600 tali
2846 539 3149 602 scientiae.

1887 633 1946 692 2.
1975 629 2324 692 Dicendum
2366 637 2465 692 est
2502 649 2652 711 ergo
2697 633 3067 711 cognovisse
3090 635 3371 700 animam

1809 723 2035 785 Christi
2061 741 2175 804 per
2204 725 2365 788 hanc
2398 725 2723 787 scientiam
2746 725 3157 804 quidditative
3192 735 3257 792 et
3279 730 3373 792 in-

1808 817 2047 892 tuitive,
2070 836 2171 882 res
2197 825 2441 881 creatas
2462 819 3051 898 supernaturalesin
3078 822 3371 886 substan-

1805 911 1892 972 tia
1927 914 2037 972 unt
2076 912 2263 974 modo
2311 931 2450 986 suo,
2472 929 2587 993 per
2626 913 2913 994 proprias
2952 931 3171 976 esrum
3229 935 3387 996 spe<

1805 1005 1956 1075 cies,
1985 1012 2047 1067 et
2074 1006 2139 1066 in
2164 1007 2417 1087 proprio
2438 1025 2695 1088 genere.
2726 1009 2813 1070 lta
2841 1008 3030 1070 sentit
3047 1011 3121 1070 D.
3145 1011 3369 1074 Thom.

1805 1098 1932 1176 hic,
1966 1105 2031 1161 et
2071 1099 2391 1176 Doctores,
2418 1100 2483 1162 in
2513 1103 2587 1178 3,
2620 1099 2682 1162 d.
2720 1105 2835 1178 14,
2888 1119 3098 1184 neque
3136 1101 3199 1164 in
3252 1103 3373 1168 hoc

1806 1191 2057 1254 invenio
2073 1193 2639 1266 contradicentem3
2666 1200 2728 1256 et
2751 1194 2907 1256 ratio
2928 1201 3047 1271 est,
3070 1197 3217 1276 quia
3240 1198 3371 1260 istae

1806 1303 1910 1346 res
1927 1291 2073 1348 sunt
2100 1283 2293 1348 finitae
2326 1287 2767 1366 perfectiouis3
2808 1305 2960 1368 ergo
2988 1295 3251 1368 possunt
3277 1309 3373 1354 re-

1807 1380 2175 1458 praesentari
2197 1381 2455 1460 proutin
2473 1399 2541 1442 se
2562 1387 2729 1454 sunt,
2742 1399 2856 1462 per
2873 1381 3117 1463 species
3132 1391 3369 1448 creatas

1809 1471 2093 1551 ejusdem
2118 1473 2355 1534 ordinis
2382 1492 2397 1548 ;
2426 1491 2579 1552 ergo
2599 1481 2863 1554 possunt
2890 1476 3080 1538 etium
3134 1477 3371 1540 lumine

1807 1564 1985 1626 finito
2034 1566 2319 1646 ejusdem
2369 1567 2605 1630 ordinis
2652 1568 2816 1632 clare
2857 1575 2921 1632 et
2960 1570 3369 1650 quidditstive

1809 1661 2104 1740 cognosci
2129 1677 2149 1738 3
2200 1679 2353 1742 ergo
2400 1663 2605 1742 potuit
2640 1664 3093 1726 communicari
3144 1665 3371 1728 miimoe

1803 1752 2029 1818 Christi
2065 1755 2427 1835 hujusmodi
2460 1756 2717 1820 scientia
2744 1757 2965 1820 harum
2984 1775 3199 1820 rerum
3226 1777 3241 1832 ;
3274 1779 3369 1822 er·

1803 1867 1884 1930 go
1941 1851 2400 1912 communicata
2448 1855 2561 1914 est.
2619 1851 2924 1914 Probatur
2968 1851 3103 1916 haec
3154 1853 3371 1918 ultima

1803 1944 2278 2024 consequentia.
2312 1945 2543 2018 Primo,
2574 1945 2723 2026 quis.
2750 1945 2841 2028 (ut
2886 1953 3207 2010 ostensum
3256 1949 3371 2024 est)

1805 2037 2017 2102 decuit
2059 2043 2127 2100 ut
2172 2038 2309 2100 haec
2340 2039 2551 2100 omnis
2593 2039 2869 2120 perfecte
2918 2047 3371 2120 cognosceret,

1804 2149 1934 2194 non
1988 2138 2235 2194 tantum
2276 2133 2343 2194 in
2372 2134 2601 2210 Verbo,
2632 2132 2745 2194 sed
2786 2134 2977 2196 etium
3016 2134 3079 2196 in
3118 2133 3371 2215 proprio

1805 2243 2061 2306 genere.
2086 2224 2399 2302 Secundo,
2418 2226 2565 2306 quia
2586 2226 2881 2306 cumipse
2906 2227 2983 2290 sit
2998 2231 3216 2290 auctor
3230 2245 3371 2308 gru·

1805 2318 1908 2381 tite
1947 2325 2013 2382 et
2042 2319 2614 2398 supernaturalium
2642 2321 3115 2400 mysteriorum,
3150 2319 3369 2384 debuit

1805 2412 2037 2476 habere
2086 2413 2431 2494 perfectum
2474 2413 2802 2476 scientiam
2846 2431 3089 2476 eorum.
3122 2415 3329 2478 Tertio
3347 2459 3367 2490 ,

1807 2509 1957 2588 quia
1985 2508 2198 2570 lumen
2226 2508 2415 2590 hujus
2444 2507 2718 2570 scientiae
2752 2505 2871 2570 fuit
2898 2507 3240 2588 superioris
3266 2525 3373 2570 or·-

1806 2601 1972 2664 dinis
2004 2603 2097 2680 (ut
2128 2621 2319 2682 supra
2344 2601 2580 2664 dictum
2620 2603 2764 2682 est),
2792 2608 2859 2666 et
2886 2602 3106 2664 habuit
3132 2602 3373 2684 specics

1806 2695 2231 2776 intelligibiles
2256 2697 2795 2776 proportionatam
2828 2715 3003 2778 ergo.

1889 2796 1951 2856 3.
1991 2791 2217 2856 Prima
2244 2791 2511 2872 objectio.
2538 2791 2988 2873 -Respomim
3006 2823 3088 2838 —
3108 2790 3231 2854 Sed
3256 2791 3371 2854 ob·

1803 2886 1977 2967 jiciet
2004 2883 2207 2966 primo
2240 2885 2466 2964 uliquis
2495 2885 2575 2948 de
2603 2885 2827 2963 grstia,
2858 2901 3001 2964 quoe
3032 2884 3373 2948 essentiali·-

1809 2987 1908 3044 ter
1943 2986 2045 3042 est
2067 2979 2463 3060 participatio
2502 2979 2796 3060 quaedam
2825 2979 3049 3042 divinae
3102 2986 3366 3053 naturae,

1807 3073 1979 3136 unde
2008 3091 2137 3136 non
2182 3073 2429 3136 videtur
2456 3091 2641 3154 posse
2672 3072 3079 3154 quidditative
3106 3091 3371 3152 cognos—

1809 3167 2029 3243 ci,nisi
2074 3167 2325 3247 cognita
2352 3166 2579 3230 eodem
2624 3166 2815 3229 modo
2848 3167 3060 3230 divina
3118 3172 3367 3240 natura,

1807 3262 1979 3341 quod
2002 3279 2131 3324 non
2170 3261 2241 3322 fit
2268 3262 2391 3322 nisi
2413 3279 2529 3340 per
2562 3261 2815 3322 beatum
2860 3261 3187 3322 visionem.
3220 3261 3371 3324 Res·

1805 3355 2119 3436 pendetur
2169 3360 2383 3416 tamen
2439 3351 2729 3434 negando
2798 3353 3315 3432 consequentiam
3348 3397 3365 3424 ,

1805 3449 1956 3528 quia
1993 3448 2183 3511 etism
2228 3463 2417 3510 omne
2456 3465 2567 3508 ens
2612 3451 2711 3508 est
2752 3446 3143 3526 participatio
3185 3445 3367 3525 primi

1807 3541 1994 3615 entis,
2024 3547 2089 3604 et
2116 3542 2323 3602 omnis
2349 3540 2701 3602 intellectus
2724 3546 2973 3604 creatus
3012 3545 3105 3602 est
3125 3539 3369 3618 pertici-

1807 3635 1977 3716 patio
1998 3635 2263 3696 increati
2280 3634 2659 3706 intellectus,
2692 3639 2757 3694 et
2783 3639 2997 3694 tamen
3018 3637 3281 3712 possunt
3304 3632 3369 3694 in

1805 3729 2060 3810 proprio
2093 3743 2324 3805 genere
2350 3727 2643 3807 cognosci
2663 3742 2685 3803 ;
2708 3725 2938 3788 dicitur
2984 3743 3139 3805 ergo
3169 3723 3368 3803 grstia

1807 3822 2201 3902 participatio
2228 3820 2455 3882 divinae
2484 3825 2749 3891 naturae,
2773 3837 2901 3881 non
2928 3819 3079 3898 quis
3110 3820 3243 3892 ejus
3271 3833 3371 3878 es-

1808 3915 2010 3976 sentia
2042 3915 2338 3976 consistat
2368 3914 2431 3974 in
2475 3914 2687 3990 aliqua
2737 3911 3107 3972 habitudine
3140 3909 3367 3972 divinae

1806 4017 2071 4082 naturai,
2095 4014 2166 4070 ut
2192 4008 2437 4071 ratione
2476 4006 2638 4068 illius
2667 4003 3049 4066 habitudinis
3076 4003 3371 4084 cognosci

1807 4120 1934 4165 non
1966 4101 2162 4182 possit
2196 4101 2333 4162 sine
2360 4100 2530 4162 clara
2562 4098 2915 4179 cognitione
2938 4097 3164 4160 divium
3192 4104 3371 4160 natu·

1805 4214 1912 4270 res,
1945 4194 2058 4258 sed
2086 4193 2187 4256 vel
2208 4193 2357 4274 quic
2387 4213 2424 4256 u
2462 4193 2671 4256 divina
2691 4199 2941 4265 natura,
2968 4196 3039 4254 ut
3060 4209 3097 4252 s
3120 4189 3371 4272 propria

1808 4307 1999 4352 causa
2050 4287 2364 4352 efficiente
2416 4293 2479 4352 et
2516 4287 2860 4364 exemplari
2914 4285 3237 4367 procedit;
3268 4283 3371 4348 vel

1809 4383 1997 4446 simul
2018 4383 2207 4448 etiam
2230 4381 2379 4462 quis
2407 4379 2711 4461 majorem
2726 4379 3067 4460 quemdum
3090 4377 3373 4448 similitu-

1807 4477 2046 4551 dinem,
2094 4484 2159 4540 et
2212 4474 2595 4556 singularem
2650 4473 3153 4538 convenientiam
3182 4470 3378 4536 habet

1806 4587 1955 4634 cum
1982 4568 2194 4635 diviua
2226 4574 2477 4644 nature,
2514 4567 2663 4648 quis
2690 4573 2789 4630 est
2819 4565 3157 4648 superioris
3190 4569 3255 4628 et
3282 4563 3373 4630 di-

1805 4663 1938 4728 vini
1966 4663 2227 4727 ordinis.
2260 4662 2432 4726 Sicut
2449 4661 2665 4724 lumen
2688 4659 2839 4722 solis
2866 4667 2963 4723 est
2982 4657 3371 4740 participatio

1806 4757 1989 4834 lucis,
2014 4764 2079 4820 et
2116 4762 2331 4820 tamen
2358 4753 2557 4818 videri
2598 4760 2663 4818 et
2688 4753 2978 4833 cognosci
3004 4755 3211 4832 potest
3243 4767 3373 4814 non

1803 4849 1940 4913 visa
1961 4850 2125 4912 luce.

1885 4947 1947 5006 4.
1999 4943 2279 5009 semmaa
2304 4941 2571 5024 objectio.
2586 4971 2669 4990 -
2694 4937 3372 5021 &spamam-secun-

1805 5039 1892 5102 do
1920 5045 2131 5102 tumen
2182 5039 2369 5118 objici
2398 5043 2510 5100 eut
2554 5037 2747 5116 quoeri
2776 5039 2981 5116 potest
3006 5033 3089 5098 de
3130 5033 3264 5112 ipss
3286 5032 3372 5092 vi·

1809 5135 1987 5198 sione
2013 5133 2222 5207 besta,
2254 5149 2397 5212 quo
2424 5149 2529 5194 res
2558 5137 2655 5194 est
2673 5136 2880 5192 create
2910 5134 2975 5190 et
2996 5132 3373 5207 supernatu-

1807 5229 1980 5305 ralis,
2014 5234 2079 5290 et
2111 5234 2328 5290 tamen
2378 5225 2579 5288 videri
2618 5241 2749 5286 non
2802 5227 3010 5304 potest
3044 5239 3157 5300 per
3206 5219 3369 5282 hanc

1809 5321 2157 5396 scientiam,
2184 5320 2299 5386 sed
2326 5321 2529 5383 solum
2554 5337 2669 5400 per
2692 5317 2997 5380 visionem
3028 5314 3160 5390 Dei,
3178 5319 3371 5390 utque

1808 5415 1969 5484 adeo
1996 5434 2065 5478 se
2108 5415 2285 5496 ipse3
2320 5412 2491 5496 quie,
2526 5429 2672 5476 cum
2701 5408 3115 5478 essentialiter
3164 5406 3371 5470 termi-

1807 5517 1994 5574 netur
2024 5507 2105 5570 sd
2142 5509 2345 5572 Deum
2400 5511 2471 5571 ut
2520 5511 2921 5588 presentem,
2948 5517 3078 5564 uon
3126 5497 3371 5560 videtur
