3892 6167
557 391 633 452 16

549 497 644 573 tit,
671 515 792 578 qua
801 539 821 572 ,
839 493 1097 570 scilicet,
1121 493 1478 556 intellectus
1497 493 1706 574 capiat
1725 497 1928 555 totum
1939 491 2114 572 quod

545 593 644 652 'est
669 589 740 651 in
767 587 1037 668 objecto,
1087 587 1440 650 secundum
1487 603 1742 648 omnem
1789 586 2113 648 extensio-

548 699 722 758 nem,
744 680 847 742 vel
892 680 1075 760 quasi
1133 679 1566 742 extensionem
1601 679 1740 758 ejus
1781 678 1864 741 ad
1897 679 2111 741 omnia

549 773 656 836 illa
691 791 836 853 quae
859 773 1068 852 aliquo
1095 774 1286 836 modo
1331 772 1399 835 in
1427 789 1496 836 se
1527 773 1824 848 continet,
1880 771 1984 834 vel
2028 770 2111 834 ad

549 865 760 930 omnia
773 865 884 927 illa
911 865 993 928 ad
1017 883 1157 946 quae
1183 866 1403 946 quovis
1437 865 1628 928 modo
1669 864 1878 928 dicere
1903 868 2111 944 potest

547 958 1002 1023 habitudinem.
1035 959 1214 1034 Quod
1239 977 1390 1023 vero
1418 960 1582 1024 ultra
1605 958 1773 1021 hanc
1815 958 2109 1039 adequa-

549 1052 786 1116 tionem
835 1071 950 1116 seu
986 1054 1454 1134 proportionem
1497 1051 1844 1116 intercedat
1878 1051 2003 1113 alia
2038 1051 2107 1113 in

547 1147 900 1209 intensione
931 1151 996 1210 ει
1019 1145 1716 1228 perfectione‚conferet
1737 1143 2000 1225 quidem
2024 1144 2107 1207 ad

547 1239 722 1302 aliud
748 1257 950 1320 genus
973 1238 1346 1321 oequalitatis
1371 1245 1436 1302 et
1461 1237 1886 1320 proportionis
1905 1238 1969 1297 in
2000 1253 2107 1317 ge-

549 1353 702 1398 nere
727 1333 916 1409 entis,
939 1351 1072 1402 non
1107 1338 1318 1396 tamen
1351 1332 1432 1394 ad
1470 1333 1780 1395 rationem
1821 1347 2105 1411 compre·

547 1429 892 1493 hensionis.
922 1425 1125 1505 Unde,
1177 1427 1326 1491 licet
1361 1428 1442 1490 sit
1467 1424 1724 1490 evidens
1773 1443 1969 1488 unam
1998 1442 2106 1488 co·

547 1521 898 1603 gnitionem
923 1521 1185 1583 totalem
1225 1521 1478 1600 objecti,
1509 1530 1698 1601 prout
1725 1537 1762 1581 a
1789 1519 1973 1582 nohis
2000 1537 2109 1582 ex-

545 1614 770 1698 plicata
801 1619 923 1691 est,
959 1631 1148 1695 posse
1194 1631 1330 1676 esse
1379 1613 1818 1694 perfectiorem
1867 1613 1995 1674 alia
2037 1613 2107 1672 in

547 1710 808 1772 entitate
855 1713 920 1770 et
945 1707 1224 1770 claritate
1262 1707 1576 1788 specifica,
1627 1724 1740 1768 seu
1790 1704 2102 1786 graduali,

547 1809 760 1865 tamen
779 1801 848 1864 id
874 1806 1046 1864 certe
1071 1817 1200 1862 non
1229 1799 1388 1862 tollit
1414 1800 1770 1862 absolutam
1793 1799 2107 1861 rationem

547 1893 1152 1976 comprehensionis,
1197 1894 1326 1956 imo
1377 1911 1496 1956 nec
1547 1892 1748 1956 variat
1795 1891 2107 1956 rationem

547 1989 709 2068 ejus,
733 1993 919 2069 prout
934 1987 1054 2050 hac
1081 2004 1236 2050 voce
1263 1985 1668 2068 significatur.
1685 1986 1856 2048 Sicut
1877 1985 1944 2046 in
1972 2002 2107 2046 cor-

544 2081 885 2164 poralibus,
911 2081 1081 2162 qnod
1103 2099 1300 2142 unum
1321 2097 1552 2161 corpus
1577 2081 1904 2142 continens
1933 2077 2107 2140 aliud

547 2177 627 2239 sit
652 2177 856 2256 majus
889 2180 998 2238 aut
1020 2174 1380 2256 perfectius,
1413 2192 1542 2236 non
1569 2173 1830 2254 impedit
1859 2171 2109 2254 quomi-

545 2289 666 2334 nus
693 2271 864 2334 aliud
883 2289 1111 2351 corpus
1133 2269 1398 2332 minoris
1423 2267 1790 2348 quantitatis
1815 2273 1930 2330 aut
1966 2285 2109 2349 per·

545 2365 831 2428 fectionis
855 2382 1000 2427 vere
1037 2362 1554 2444 comprehendat,
1605 2363 1657 2424 si
1703 2379 1852 2425 vere
1899 2365 2107 2424 totum

547 2458 720 2521 aliud
759 2458 926 2522 intra
964 2475 1032 2520 se
1072 2457 1326 2520 claudit.
1361 2457 1780 2519 confirmatur
1803 2473 1882 2518 ex
1925 2471 2108 2517 com-

545 2554 721 2616 muni
743 2553 931 2616 modo
959 2551 1257 2632 loquendi
1296 2549 1376 2613 de
1414 2549 1981 2630 comprehensione
2006 2548 2107 2610 in-

545 2647 922 2722 tellectuali3
969 2653 1122 2708 tunc
1151 2645 1321 2707 enim
1349 2644 1658 2706 rationem
1685 2642 1966 2722 aliquam
1992 2659 2109 2703 nos

547 2740 1080 2823 comprehendere
1105 2745 1424 2819 putamus,
1451 2735 1708 2816 quando
1739 2741 1936 2798 totam
1968 2735 2105 2815 ejus

545 2835 674 2898 vim
692 2836 860 2898 clare
884 2833 1288 2915 percipimus„
1315 2830 1494 2906 Quod
1521 2835 1736 2892 autem
1749 2829 1818 2892 id
1833 2831 1914 2892 sit
1938 2847 2106 2890 sum·-

543 2945 650 2990 ma
695 2928 1068 3004 attentione,
1095 2925 1253 2987 nihil
1285 2925 1369 2986 ad
1403 2923 1524 2986 hoc
1551 2923 1838 2986 conferre
1883 2939 2107 2985 cense-

543 3041 710 3086 mus.
739 3022 916 3094 Quod
941 3025 1157 3083 autem
1185 3018 1254 3081 in
1287 3018 1407 3080 hac
1439 3017 1684 3097 vulgari
1735 3017 2101 3095 acceptione

545 3114 1121 3196 comprehensionis
1140 3111 1390 3188 accidit,
1402 3111 1810 3192 proportione
1826 3116 2098 3184 servata,

543 3211 852 3289 contingit
901 3210 968 3270 in
1007 3214 1224 3270 exacta
1271 3204 1854 3285 comprehensione.
1919 3204 2101 3267 Unde

541 3297 1818 3384 nunquamcenseturincomprehensibile
1843 3297 2101 3378 aliquod

541 3398 882 3478 objectum,
921 3395 1072 3475 quia
1117 3411 1192 3456 ex
1249 3399 1429 3473 parte
1476 3392 1916 3472 cognoscentis
1972 3408 2105 3454 non

541 3490 740 3572 possit
793 3489 1250 3570 perfectissimo
1289 3493 1434 3549 actu
1481 3485 1742 3566 attingi,
1787 3485 1899 3548 sed
1956 3486 2105 3564 quia

543 3601 642 3647 res
673 3585 810 3665 ipsa
837 3588 1077 3657 exacte,
1107 3580 1456 3644 secundum
1493 3579 1705 3641 omnia
1737 3595 1876 3659 qum
1905 3579 2106 3642 inclu-

537 3678 653 3755 dit,
670 3695 798 3741 non
817 3676 1016 3758 possit
1037 3674 1360 3754 cognosci.

621 3774 720 3835 1³.
766 3768 1186 3845 Quamobrem
1211 3785 1340 3830 non
1369 3767 1658 3830 existimo
1673 3766 2101 3829 necessariam

537 3867 712 3929 illam
743 3865 1211 3928 distinctionem
1253 3863 1333 3925 de
1389 3861 1959 3941 comprehensione
1996 3879 2102 3923 ex·

537 3959 782 4023 tensiva
807 3962 1076 4032 tantum,
1127 3957 1230 4019 vel
1269 3956 1462 4018 etiam
1511 3954 1841 4028 intensiva,
1899 3972 2100 4034 quan-

538 4069 728 4134 quam
755 4053 824 4114 in
865 4051 1054 4114 modo
1099 4049 1399 4129 loquendi
1450 4048 1918 4110 immorandum
1968 4067 2099 4112 non

539 4148 643 4222 sit,
699 4144 1042 4209 dummodo
1081 4148 1322 4206 constet
1372 4141 1764 4205 extensivam
1813 4158 2101 4220 compre-

534 4239 932 4315 hensionem,
962 4236 1330 4316 simpliciter
1377 4241 1442 4297 et
1482 4235 1769 4298 absolute
1809 4253 2097 4314 compre-

536 4332 909 4397 hensionem
939 4347 1103 4403 esse,
1131 4334 1202 4390 ut
1225 4329 1558 4408 probatum
1586 4335 1704 4389 est.
1737 4328 1915 4400 Quod
1947 4347 2094 4390 vero

537 4427 642 4490 illa
669 4424 970 4506 cognitio,
1001 4443 1142 4504 quoe
1175 4427 1374 4484 totam
1425 4421 1591 4484 hanc
1641 4421 2096 4500 perfectionem

537 4518 873 4584 extensivoe
892 4515 1475 4598 comprehensionis
1503 4513 1815 4590 habuerit,
1843 4521 1906 4577 ει
1930 4514 2097 4578 ultra

536 4615 710 4676 illam
739 4611 1052 4674 addiderit
1079 4610 1389 4689 majorem
1417 4608 1863 4685 intensionem,
1915 4609 2093 4672 clari·

537 4713 731 4770 tatem
786 4711 896 4768 aut
945 4704 1301 4785 specificam
1335 4702 1804 4782 perfectionem,
1850 4703 2095 4765 ratione

536 4801 725 4882 hujus
747 4815 1040 4862 excessus
1066 4797 1310 4859 dicatur
1337 4795 1644 4857 intensiva
1683 4795 2096 4876 comprehen-

536 4893 628 4955 sio
651 4938 672 4968 ,
726 4893 832 4954 vel
881 4909 1071 4971 super
1124 4889 1625 4969 comprehensiO,
1681 4895 1791 4952 aut
1845 4888 1967 4949 alio
2014 4887 2095 4950 si-

537 4983 669 5046 mili
717 4983 906 5045 modo
939 5027 956 5056 ,
1013 4999 1238 5062 parum
1295 4987 1510 5042 nostra
1576 4981 1768 5043 refert
1791 4997 1812 5059 ;
1886 4979 2092 5042 solum

539 5075 999 5141 observandum
1049 5080 1145 5138 est
1199 5080 1269 5137 ut
1337 5074 1620 5137 terminis
1683 5075 1925 5136 usitatis
1954 5119 1969 5148 ,
2030 5079 2094 5136 et

538 5171 644 5253 qui
688 5170 1244 5251 aequivocationem
1295 5187 1425 5230 non
1473 5168 1742 5248 pariant,
1813 5171 2084 5230 utamur.

536 5266 948 5346 Quapropter,
1005 5262 1174 5344 quod
1224 5261 1506 5323 nonnulli
1545 5261 1788 5337 dicunt,
1819 5261 1901 5323 ad
1923 5279 2092 5324 com·

535 5357 1020 5441 prehensionem
1067 5354 1304 5436 requiri
1367 5361 1436 5417 ut
1506 5354 1586 5418 sit
1654 5360 1785 5415 tam
1861 5354 2094 5433 perfec-

535 5457 602 5513 ta
625 5451 784 5514 sicut
835 5451 1151 5530 objectum
1187 5450 1419 5529 ipsum,
1475 5447 1530 5508 si
1575 5447 1957 5526 intelligatur
2010 5447 2091 5510 de

537 5543 918 5625 perfectione
941 5544 1004 5608 in
1035 5559 1269 5623 genere
1293 5540 1479 5617 entis,
1515 5539 1685 5604 etde
1731 5539 2090 5621 aequalitate

1811 388 2049 452 QuAEsT.
2082 389 2143 442 X.
2186 391 2389 445 Amic.
2422 391 2503 444 lv.

2192 493 2581 574 simpliciter,
2612 497 2706 554 est
2732 491 2919 572 plane
2946 487 3183 552 falsum
3216 507 3233 560 ς
3264 485 3431 551 alias
3474 507 3593 552 non
3622 509 3734 573 pos.

2192 595 2291 650 set
2330 585 2611 666 Angelus
2642 583 3193 664 comprehendere
3246 599 3346 655 se,
3392 581 3493 646 vel
3520 584 3735 650 inferio·

2188 697 2348 754 rem,
2374 679 2525 758 quia
2558 677 2831 760 cognitio
2841 676 2979 757 ejus
3002 681 3100 738 est
3118 673 3459 755 quoddam
3478 677 3733 743 accidens

2188 773 2361 854 quod
2412 791 2541 835 non
2586 775 2873 850 exaequat
2917 770 2985 832 in
3032 787 3151 831 sua
3192 767 3584 849 perfectione
3620 775 3735 835 sub-

2190 869 2486 932 stantiam
2515 865 2852 948 cognitam.
2874 865 3059 940 Item,
3092 863 3257 943 quia
3308 864 3451 928 sine
3496 866 3619 929 ullo
3656 887 3733 930 ra-

2186 964 2379 1027 tionis
2402 962 2815 1025 fnndamento
2852 959 2998 1022 talis
3044 957 3335 1022 conditio
3374 951 3733 1041 postulatum
3810 949 3812 958 '

2186 1075 2335 1120 nam
2360 1055 2659 1138 cognitio,
2692 1061 2755 1117 et
2772 1071 2874 1116 res
2901 1052 3181 1132 cognita,
3216 1052 3287 1112 in
3318 1053 3563 1116 ratione
3586 1061 3733 1118 actus

2186 1153 2249 1214 et
2290 1150 2521 1230 objecti
2538 1167 2789 1212 servare
2816 1146 3057 1210 debent
3090 1146 3601 1226 proportionem,
3628 1167 3733 1210 non

2185 1263 2335 1310 vero
2385 1243 2810 1326 aequalitatem
2856 1244 2923 1305 in
2986 1259 3231 1323 genere
3286 1243 3477 1305 entis.
3530 1245 3733 1308 Rursus
3814 1287 3816 1330 3

2184 1339 2357 1422 quod
2377 1337 2667 1400 nonnulli
2686 1337 3099 1413 contendunt,
3114 1335 3333 1398 solam
3354 1336 3529 1397 illam
3554 1339 3733 1416 cogni·

2187 1433 2421 1496 tionem
2448 1429 2779 1496 dicendam
2800 1449 2935 1494 esse
2956 1429 3339 1510 simpliciter
3351 1429 3733 1509 compi-ehen-
3817 1460 3818 1502 ι

2186 1527 2453 1603 sionem,
2471 1543 2613 1607 quoe
2640 1531 2739 1590 est
2778 1523 3067 1587 absolute
3122 1529 3193 1586 et
3216 1522 3595 1604 simpliciter
3614 1541 3732 1604 per-

2184 1620 2525 1684 fectissima
2571 1617 2849 1702 cognitio
2878 1635 3021 1697 quas
3062 1617 3143 1680 de
3194 1617 3317 1680 tali
3346 1616 3593 1696 objecto
3619 1635 3731 1679 esse
3819 1688 3820 1708 χ

2186 1719 2413 1794 potest,
2455 1718 2587 1776 tam
2616 1713 2684 1775 in
2708 1712 2809 1775 his
2834 1729 2975 1792 quoe
2992 1711 3075 1774 de
3120 1711 3236 1773 illo
3269 1715 3731 1790 cognoscuntur,
3819 1709 3820 1718 ’

2187 1823 2379 1888 quam
2406 1806 2477 1870 in
2500 1805 2689 1870 modo
2708 1823 2837 1887 quo
2862 1810 3365 1888 cognoscuntur,
3383 1820 3601 1866 verum
3628 1819 3729 1864 non

2188 1907 2307 1974 est,
2348 1919 2559 1984 neque
2600 1898 2948 1981 probabile,
2984 1905 3056 1961 ut
3084 1897 3479 1961 convincunt
3502 1899 3575 1962 e‘a
3617 1913 3732 1976 quae
3821 1918 3822 1938 ι

2188 1995 2586 2058 adduximus.
2604 1995 2683 2055 Et
2698 1993 2853 2074 quia
2872 1993 3033 2056 alias
3050 1992 3233 2055 nulla
3250 1989 3535 2072 cognitio
3550 1995 3731 2053 creata

2188 2093 2357 2152 esset
2382 2087 2861 2169 comprehensio
2888 2087 3157 2167 alicujus
3183 2085 3452 2166 objecti,
3482 2085 3624 2166 quia
3649 2083 3729 2146 di-

2186 2184 2333 2246 vina
2374 2181 2647 2263 cognitio
2704 2187 2801 2244 est
2844 2181 3185 2263 perfectior
3236 2179 3375 2256 illa,
3420 2180 3633 2242 saltem
3677 2178 3729 2239 in

2186 2278 2377 2341 modo
2410 2275 2855 2357 cognoscendi.
2902 2273 3229 2353 Similiter,
3288 2273 3468 2354 qnod
3520 2273 3621 2336 alii
3656 2273 3729 2334 di-

2188 2378 2363 2449 cunt,
2386 2369 2467 2433 ad
2492 2369 3117 2452 comprehensionem
3146 2368 3398 2448 requiri
3420 2371 3494 2429 ut
3514 2367 3599 2429 'sit
3616 2372 3729 2429 tan-

2187 2473 2253 2530 ta
2280 2465 2579 2547 perfectio
2600 2465 2667 2526 in
2692 2463 3053 2545 cognitione
3080 2461 3149 2524 in
3174 2479 3326 2524 esse
3354 2457 3724 2539 cognitionis,

2188 2568 2425 2642 quanta
2452 2566 2547 2623 est
2576 2559 2644 2622 in
2702 2559 2972 2638 objecto,
3020 2560 3093 2620 ut
3147 2555 3582 2637 cognoscibile
3632 2571 3727 2614 seu
3827 2611 3828 2634 ξ

2188 2653 2575 2734 intelligibile
2602 2657 2718 2728 est,
2758 2650 2859 2713 vel
2890 2649 3109 2714 incidit
3136 2651 3207 2712 in
3250 2649 3322 2712 id
3371 2648 3541 2728 quod
3590 2645 3727 2707 dixi-

2183 2765 2350 2822 mus,
2376 2747 2478 2809 vel
2504 2761 2724 2810 verum
2743 2761 2873 2807 non
2890 2749 3008 2806 est.
3039 2741 3309 2807 Duobus
3350 2741 3522 2804 enim
3548 2738 3727 2800 modis

2185 2839 2311 2902 dici
2332 2843 2540 2920 potest
2564 2857 2666 2901 res
2690 2837 3167 2918 cognoscibilisz
3206 2843 3347 2899 nno·
3368 2834 3577 2908 modo,
3607 2848 3725 2912 pro·
3829 2834 3830 2870 3

2184 2933 2351 2994 xime
2376 2936 2441 2994 et
2473 2931 2843 3006 formaliter,
2871 2935 2934 2994 et
2978 2931 3068 2995 sic
3097 2929 3335 2994 dicitur
3368 2923 3725 3008 cognoscibi-

2184 3025 2261 3087 lis
2308 3043 2423 3106 per
2482 3024 3064 3088 denominationem
3120 3023 3545 3086 extrinsecam
3584 3037 3619 3079 a
3652 3016 3724 3076 fa·

2182 3119 2411 3182 cultate
2426 3117 2871 3199 cognoscendi,
2903 3135 3045 3200 quae
3068 3115 3282 3179 inalio
3310 3121 3432 3191 est,
3465 3113 3619 3176 etita
3636 3125 3724 3170 res

2182 3219 2279 3276 est
2306 3211 2641 3291 perfectius
2682 3211 3120 3291 cognoscibilis
3144 3229 3183 3270 a
3232 3205 3591 3291 perfectiori
3639 3219 3723 3264 co-

2187 3311 2565 3386 gnoscente3
2596 3321 2745 3385 ergo
2771 3301 3279 3385 cognoscibilitas
3296 3299 3527 3383 objecti
3545 3299 3610 3359 in
3624 3298 3725 3357 hoc

2186 3416 2377 3461 sensu
2401 3415 2541 3460 esse
2566 3415 2695 3460 non
2730 3403 2937 3478 potest
2978 3413 3285 3459 mensura
3336 3391 3724 3473 comprehen-

2186 3493 2409 3566 sionis;
2440 3509 2589 3554 nam
2614 3493 2735 3553 hoc
2762 3491 2951 3554 modo
2970 3495 3214 3553 tantum
3238 3495 3339 3553 est
3358 3505 3464 3552 res
3488 3499 3725 3561 cognos-

2184 3587 2410 3661 cibilis,
2446 3591 2685 3665 quanta
2723 3590 2821 3646 est
2862 3585 2957 3647 vis
2985 3581 3414 3666 cognoscendi
3461 3581 3529 3642 in
3568 3575 3718 3644 alio;

2182 3699 2315 3744 non
2355 3679 2582 3742 dicitur
2630 3683 2843 3741 autem
2896 3677 3170 3758 cognitio
3224 3667 3724 3757 comprehensiva

2179 3791 2295 3854 per
2318 3772 2856 3853 comparationem
2896 3771 2977 3834 ad
3012 3771 3314 3833 virtutem
3361 3777 3721 3849 cognoscen-

2180 3868 2268 3945 di,
2302 3866 2415 3930 sed
2442 3865 2524 3928 ad
2544 3865 2901 3946 objectum
2882 3881 3087 3948 ipsum
3118 3865 3181 3926 in
3202 3881 3298 3941 se,
3346 3869 3441 3939 ut,
3478 3857 3717 3926 scilicet,

2182 3959 2438 4023 omnino
2470 3965 2903 4040 cognoscatur.
2940 3955 3189 4038 Alioqui
3220 3959 3610 4040 sequeretur,
3636 3943 3719 4008 vel

2179 4069 2695 4134 unumquemque
2723 4050 3261 4131 comprehendere
3300 4049 3635 4129 obJectum,
3674 4037 3720 4099 si

2178 4151 2309 4209 tota
2334 4146 2565 4208 virtute
2590 4163 2703 4208 sua
2726 4145 2882 4207 illud
2914 4149 3276 4226 cognoseat,
3308 4144 3501 4206 etiam
3527 4138 3579 4201 si
3604 4149 3717 4196 non

2180 4246 2469 4322 penetret
2482 4246 2683 4303 totum
2712 4239 2933 4320 quod
2914 4258 2979 4302 ιιι
3000 4239 3107 4302 illo
3136 4244 3249 4316 est,
3299 4238 3449 4316 quia
3476 4245 3719 4310 cognos-

2176 4337 2261 4398 cit
2291 4335 2469 4411 illud,
2511 4341 2814 4414 quantum
2841 4333 2921 4395 ab
2964 4333 3103 4414 ipso
3144 4326 3566 4414 cognoscibile
3616 4323 3715 4382 est.

2176 4427 2313 4502 Vel,
2350 4427 2405 4490 si
2433 4425 2819 4534 comparatio
2842 4443 2970 4488 non
3002 4431 3097 4488 est
3124 4423 3415 4487 facienda
3442 4435 3585 4484 cum
3606 4412 3716 4474 vir-

2175 4526 2309 4582 tute
2361 4519 2559 4601 ipsius
2614 4519 3071 4601 cognoscentiS‚
3126 4517 3242 4581 sed
3272 4514 3583 4588 absolute,
3628 4521 3717 4567 se-

2176 4613 2391 4694 quitur
2432 4613 2603 4692 quod
2650 4619 2837 4674 antea
2893 4610 3266 4687 inferebam,
3306 4605 3549 4671 nullam
3590 4611 3713 4662 rem

2174 4705 2625 4786 comprehendi
2646 4706 2771 4766 nisi
2800 4723 2837 4766 a
2862 4703 2995 4766 solo
3023 4705 3177 4780 Deo,
3206 4703 3353 4782 quia
3382 4719 3421 4762 a
3444 4691 3605 4760 solo
3591 4705 3713 4771 ipso

2176 4799 2595 4878 cognoscitur,
2622 4803 2926 4877 quantum
2954 4794 3390 4877 cognoscibilis
3418 4795 3512 4854 est
3538 4785 3711 4848 abso

2174 4891 2306 4952 lute
2334 4895 2397 4952 et
2422 4890 2785 4970 simpliciter
2816 4890 3167 4952 secundum
3218 4889 3384 4950 hanc
3432 4879 3714 4946 extrinse-

2173 5001 2315 5046 cam
2340 4985 2941 5048 denominationem.
2972 4984 3109 5047 Alio
3138 4983 3328 5046 modo
3358 4979 3561 5061 potest
3594 4965 3708 5032 dici

2171 5097 2275 5140 res
2304 5077 2741 5159 cognoscibilis
2761 5095 2837 5140 ex
2866 5096 2957 5153 se,
2990 5095 3105 5141 seu
3148 5067 3705 5139 fundamentaliter,

2172 5178 2483 5251 quatenus
2510 5189 2623 5233 ens
2644 5178 2743 5233 est
2764 5177 3105 5246 civeram,
3140 5177 3203 5233 et
3224 5171 3313 5233 ita
3330 5166 3552 5230 dicitur
3576 5171 3707 5237 per-

2172 5263 2395 5326 fectius
2422 5281 2535 5326 ens
2584 5282 2661 5326 ex
2698 5279 2769 5324 se
2810 5263 3247 5344 perfectiorem
3302 5253 3705 5354 cognitionem

2171 5357 2493 5437 requirere
2518 5363 2589 5418 ut
2633 5356 3230 5439 comprehendatur,
3280 5359 3345 5416 et
3390 5339 3703 5443 perfectius

2171 5451 2545 5532 principium
2570 5449 3012 5531 cognoscendi.
3044 5449 3170 5514 Sed
3191 5447 3329 5510 haec
3356 5445 3488 5525 ipsa
3503 5448 3703 5515 cugm-

2170 5543 2359 5608 tionis
2384 5543 2731 5626 perfectio
2715 5562 2781 5608 ιιι
2812 5549 3053 5609 tantum
3094 5541 3177 5606 ad
3214 5525 3700 5620 comprehensio·
