3892 6167
611 442 889 506 secunda.
920 470 1003 488 --
1028 434 1385 519 Responsio.
1426 466 1505 485 -·
1550 434 1815 498 Possunt
1842 450 1992 499 vero
2021 452 2171 497 con-

612 544 709 599 tra
733 536 895 595 liano
917 532 1371 611 expositionem
1414 528 1537 590 divi
1576 530 1829 590 Thomae
1866 530 2170 591 nonnulla

613 625 819 707 objici.
882 624 1157 687 Primum
1218 628 1361 695 est,
1416 621 1565 699 quia
1618 628 1860 683 constat
1904 623 1972 682 in
2025 624 2172 685 doc-

610 722 774 784 trina
826 719 951 781 divi
1004 718 1257 779 Thomae
1304 714 1698 777 existentiam
1745 716 2000 777 realiter
2045 715 2170 777 dis·-

608 813 809 895 tingni
857 813 939 874 ab
986 810 1292 884 essentia,
1338 826 1416 870 ex
1460 826 1585 887 quo
1628 808 2040 872 fundamento
2079 810 2170 870 vi-

612 908 799 970 detur
842 905 911 966 in
956 906 1077 966 hoc
1132 903 1391 965 articulo
1440 903 1803 981 procedere.
1864 902 1987 964 Sed
2038 903 2173 965 haec

612 1000 880 1080 objectio
932 998 995 1059 in
1045 996 1339 1077 proesenti
1383 1012 1513 1058 non
1556 1001 1741 1076 urget
1763 1040 1783 1072 ,
1829 1001 1964 1057 tum
2021 996 2170 1075 qnia

612 1112 834 1157 sensus
878 1090 1000 1153 divi
1046 1090 1300 1152 Thomas
1327 1089 1395 1150 in
1434 1088 1541 1149 illa
1588 1088 1931 1167 quaestione
1975 1094 2174 1151 meta-

609 1188 873 1268 physica
900 1184 1085 1247 variis
1112 1181 1316 1244 modis
1342 1182 1679 1261 exponitur
1702 1229 1716 1256 ,
1764 1183 1953 1245 etiam
1981 1200 2020 1243 a
2053 1182 2174 1245 dis-

611 1280 832 1361 cipulis
877 1276 1002 1341 divi
1040 1278 1348 1349 Thomoe3
1406 1282 1540 1338 tum
1591 1276 1779 1337 etiam
1820 1276 1968 1356 quia
2013 1294 2172 1355 proe·

610 1392 749 1438 sens
792 1372 1047 1453 quaestio
1085 1370 1439 1449 theologica
1476 1386 1606 1430 non
1648 1368 1903 1431 omnino
1943 1368 2024 1430 ab
2065 1369 2170 1431 illa

608 1468 864 1549 pendet,
894 1471 960 1527 ut
984 1469 1229 1527 constat
1246 1480 1324 1525 ex
1348 1460 1693 1524 rationibus
1716 1462 1994 1524 sectione
2017 1480 2170 1542 proe-

608 1560 856 1625 cedenti
898 1558 1098 1619 factis.
1155 1554 1443 1619 Secundo
1484 1572 1629 1617 vero
1670 1554 1980 1636 objicitur,
2021 1556 2170 1635 quia

606 1656 680 1717 D.
706 1654 981 1717 Thomas
1012 1650 1187 1713 nullo
1216 1649 1339 1712 alio
1364 1648 1502 1709 loco
1543 1648 1883 1727 disputavit
1918 1649 1998 1711 de
2027 1666 2172 1730 pro-³

608 1748 746 1831 pria
784 1745 1113 1810 existentia
1164 1742 1609 1820 humanitatis;
1640 1742 1719 1804 de
1767 1743 2006 1805 unitate
2059 1762 2172 1806 au-

608 1850 738 1907 tem
769 1858 1055 1925 personat
1078 1838 1300 1903 Christi
1338 1838 1491 1899 satis
1522 1838 1591 1897 in
1622 1838 2050 1917 superioribus
2077 1838 2170 1900 di·

609 1942 823 2014 xerat3
875 1952 1025 2015 ergo
1062 1932 1164 1995 hic
1211 1950 1342 1994 non
1384 1930 1651 1995 intendit
1696 1950 1885 2011 agere
1929 1932 2008 1995 de
2045 1932 2168 1995 hoc

612 2029 910 2105 secundo,
954 2027 1067 2089 sed
1118 2025 1199 2087 de
1247 2024 1469 2105 primo.
1522 2024 1960 2103 Res-pendetur
2007 2024 2168 2089 forte

608 2126 681 2187 D.
714 2124 1018 2186 'rhomam
1049 2138 1177 2181 non
1202 2119 1475 2179 movisse
1504 2118 1837 2197 specialem
1876 2120 2172 2198 quaestio-

609 2234 755 2280 nem
798 2216 877 2278 de
920 2220 1130 2277 creata
1176 2211 1504 2274 existentia
1542 2211 1970 2287 humanitatis„
2019 2213 2169 2292 quia

611 2317 679 2373 ut
724 2310 977 2373 evidens
1014 2304 1344 2387 supposuit
1382 2306 1547 2366 hane
1588 2318 1724 2367 esse
1762 2305 2076 2368 actualem
2109 2312 2171 2369 et

608 2405 843 2469 realem
888 2401 1211 2465 entitatem
1258 2404 1557 2471 creatam,
1600 2412 1742 2477 quse
1778 2400 1913 2459 sine
1959 2406 2170 2462 creata

611 2498 939 2563 existentia
976 2514 1185 2575 neque
1226 2500 1443 2555 mente
1482 2493 1723 2571 concipi
1757 2499 1984 2572 potest.
2022 2494 2168 2556 Ideo

608 2612 757 2656 vero
785 2592 978 2654 movit
1006 2588 1413 2670 quaestionem
1438 2587 1519 2647 de
1550 2586 1785 2648 unitate
1812 2586 2006 2666 ipsius
2031 2604 2168 2649 esse

608 2686 869 2761 Christi,
922 2683 1067 2766 quia
1096 2682 1232 2743 haec
1260 2698 1659 2759 consequens
1694 2686 1829 2741 erat
1860 2681 1940 2741 ad
1975 2698 2172 2761 quaes·

608 2782 845 2843 tionem
874 2780 953 2841 de
984 2778 1221 2839 unitate
1249 2775 1445 2855 ipsius
1474 2773 1718 2837 Christi.
1760 2773 1975 2850 Unde,
2011 2775 2173 2837 sicut

611 2894 688 2938 ex
740 2873 1163 2955 superioribas
1218 2876 1503 2932 constare
1556 2873 1805 2949 poterat
1858 2867 2170 2932 Christum

611 2988 749 3032 esse
778 2986 1010 3037 unum,
1056 2964 1202 3045 quia
1230 2970 1545 3026 ostensum
1574 2963 1945 3027 fuerataesse
1973 2980 2169 3026 unam

609 3080 945 3145 personam
974 3058 1404 3139 compositam,
1434 3064 1497 3119 et
1518 3058 1681 3118 hanc
1706 3056 2006 3119 unionem
2027 3074 2166 3119 esse

612 3154 1112 3230 substantialem,
1154 3158 1214 3215 et
1236 3150 1643 3212 nihilominus
1668 3150 1815 3229 quia
1838 3150 2048 3213 unitas
2073 3156 2168 3213 est

610 3250 797 3314 veluti
836 3248 988 3328 quid
1028 3262 1418 3324 consequens
1448 3245 1655 3324 ipsum
1692 3260 1803 3305 ens
1826 3288 1841 3318 ‚
1886 3243 2030 3305 ideo
2064 3243 2167 3305 hic

608 3346 682 3407 D.
702 3344 977 3405 Thomas
1000 3340 1353 3421 specialiter
1374 3337 1663 3399 disseruit
1686 3336 2004 3415 quomodo
2029 3354 2171 3399 sen·

608 3436 889 3499 tiendum
938 3435 1016 3496 sit
1062 3434 1143 3495 de
1186 3433 1427 3493 unitate
1457 3429 1722 3504 Christi,
1764 3430 1875 3504 ita,
1915 3430 2060 3492 licet
2093 3446 2171 3493 ex

607 3529 781 3592 dictis
810 3528 888 3591 de
914 3528 1150 3589 unitate
1180 3542 1465 3607 personae
1490 3529 1557 3585 et
1578 3522 1971 3585 substantiali
1993 3524 2170 3584 unio·

606 3640 687 3685 ne
744 3620 1187 3684 incarnationis
1217 3668 1231 3695 ,
1290 3622 1577 3680 constare
1638 3623 1855 3697 posset
1912 3634 2050 3679 esse
2103 3616 2168 3677 in

605 3718 846 3781 Christo
889 3732 1091 3778 unum
1137 3731 1295 3788 esse,
1342 3712 1751 3775 nihilominus
1780 3710 1905 3773 hoe
1936 3712 2168 3774 diserte

607 3810 1045 3892 explicandum
1065 3806 1204 3883 fnit,
1233 3794 1488 3887 propter
1516 3804 1804 3866 eamdem
1831 3804 2164 3865 rationem.

606 3896 892 3967 Concedo
948 3920 1099 3982 ergo
1152 3901 1252 3963 hic
1298 3917 1437 3961 esse
1492 3916 1853 3961 sermonem
1899 3898 1980 3960 de
2027 3916 2166 3960 esse

608 3998 952 4061 existentiis
978 4004 1049 4057 ut
1076 3996 1188 4070 sic,
1228 3998 1289 4055 et
1316 3992 1396 4054 de
1424 3992 1661 4057 unitate
1698 3990 1886 4066 illius,
1922 4010 2049 4053 non
2079 3994 2170 4053 ta-

605 4109 751 4154 men
782 4090 861 4152 de
892 4090 1128 4150 unitate
1154 4084 1455 4166 simplici,
1492 4085 1607 4149 sed
1634 4085 1982 4167 composita
2001 4130 2016 4159 ,
2049 4102 2170 4146 nec

604 4186 683 4248 de
723 4179 1049 4247 existentia
1092 4181 1283 4244 solius
1334 4179 1775 4252 humanitem,
1825 4178 1938 4239 sed
1983 4177 2170 4239 totius

602 4276 831 4342 Christi
860 4275 971 4336 Dei
1006 4277 1068 4336 et
1092 4272 1364 4335 hominis
1383 4318 1404 4349 ‚
1434 4272 1513 4333 de
1546 4288 1669 4351 quo
1697 4272 1762 4333 in
1790 4271 2168 4351 praecedenti

604 4370 865 4431 articulo
913 4366 1243 4447 quaesitum
1294 4364 1535 4437 fuerat,
1577 4382 1660 4425 an
1711 4364 1791 4426 sit
1830 4382 2028 4425 unum
2068 4363 2170 4425 vel

602 4464 751 4525 duo.
796 4462 871 4523 Et
912 4459 1083 4539 quod
1124 4458 1227 4520 hic
1260 4456 1449 4518 fuerit
1488 4472 1708 4517 sensus
1744 4457 1932 4536 hujus
1966 4474 2170 4536 quaes·

604 4555 789 4619 tionis
830 4554 903 4615 D.
945 4554 1223 4624 Thomas,
1254 4550 1405 4612 inde
1436 4550 1623 4612 etiam
1660 4550 2019 4611 confirmari
2056 4568 2170 4631 po·

602 4655 765 4722 test,
807 4647 955 4727 quia
988 4646 1109 4707 hoc
1146 4645 1335 4707 modo
1368 4644 1669 4725 explicata
1698 4644 1945 4724 proprie
1977 4645 2170 4724 perti-

602 4742 795 4805 nebat
817 4740 896 4803 ad
924 4742 1093 4802 hune
1120 4738 1327 4801 locum
1354 4756 1369 4811 ;
1402 4738 1455 4799 si
1486 4742 1695 4800 autem
1718 4738 1978 4817 quaestio
2007 4744 2172 4802 esset

602 4838 682 4900 (le
711 4837 945 4897 unione
968 4833 1257 4896 essentias
1287 4839 1511 4895 creatae
1541 4850 1685 4893 cum
1714 4831 2044 4894 existentia
2073 4835 2172 4895 in·

602 4934 811 4992 creata
834 4974 854 5004 ‚
894 4927 1103 5008 potius
1130 4926 1477 5005 pertineret
1502 4923 1635 4986 hoec
1662 4924 1926 5003 quaestio
1958 4926 2040 4987 ad
2068 4944 2172 4988 ex-

602 5023 1001 5105 plicationem
1032 5020 1228 5112 ipsius
1256 5018 1557 5098 mysterii,
1594 5035 1733 5097 quoe
1764 5036 1975 5097 supra,
2013 5038 2074 5099 q.
2107 5022 2166 5095 2,

602 5116 831 5179 tradita
876 5120 969 5175 est
990 5158 1006 5189 ,
1047 5117 1117 5174 ut
1144 5130 1222 5175 ex
1259 5112 1347 5171 ibi
1378 5111 1568 5173 etiam
1598 5110 1786 5173 dictis
1809 5110 1991 5173 facile
2025 5130 2172 5174 con-

604 5218 769 5272 stare
800 5213 1027 5288 potest.
1062 5206 1261 5278 Quam
1289 5204 1719 5266 difficultatem
1746 5203 1901 5267 vidit
1926 5206 2168 5285 Cajeta·

596 5322 719 5367 nus
747 5302 847 5364 hic
870 5300 937 5361 in
962 5298 1374 5380 explicatione
1404 5297 1590 5373 tituli,
1622 5315 1889 5378 eamque
1914 5300 2168 5379 expedi-

595 5396 707 5472 vit,
744 5396 994 5467 dicens,
1028 5393 1276 5469 omnia,
1306 5409 1449 5473 quae
1488 5395 1674 5454 antea
1704 5394 1966 5454 tractata
1995 5398 2162 5469 sunt,
2245 5446 2250 5451 .

597 5489 910 5572 pertinere
936 5488 1015 5549 ad
1040 5505 1179 5549 esse
1212 5486 1311 5548 vel
1338 5485 1474 5549 fieri
1496 5485 1941 5548 incarnationis
1981 5486 2041 5547 in
2066 5504 2159 5563 se,

1844 336 2082 405 QUAEST·
2115 337 2264 397 XVss.
2299 340 2502 399 tarto.
2533 340 2594 397 u.

2251 437 2351 499 vel
2375 438 2442 501 in
2467 436 3053 510 enunciationibns:
3089 456 3256 503 nunc
3277 458 3408 507 vero
3421 448 3502 527 agi
3513 452 3570 515 de
3585 462 3661 521 uni.
3760 498 3761 511 ,

2252 537 2376 593 tate
2402 550 2540 611 quae
2563 532 2846 611 seqnitur
2865 551 3000 595 ens.
3033 532 3160 595 Sed
3181 552 3250 595 re
3267 554 3400 599 vera
3411 558 3512 603 non
3529 545 3662 626 itant,
3751 592 3758 603 .,

2251 643 2422 700 nam,
2447 642 2586 705 quai
2611 644 2802 704 supra
2825 625 2906 689 de
2929 626 3190 689 scientia
3215 635 3276 691 ct
3299 632 3488 709 gratia,
3511 644 3665 707 enimi.

2249 810 2389 873 fieri
2427 811 2876 875 incarnationis
2927 813 3140 892 quoad
3183 814 3538 883 substantiam
3559 826 3668 905 ψῃ

2251 905 2402 967 unio
2433 912 2647 967 autem
2669 905 2738 967 in
2771 906 3103 969 existentia
3131 906 3324 987 ipsius
3345 916 3542 977 natura
3557 926 3668 985 mi.
3751 922 3758 969 ἱ

2251 1016 2355 1061 me
2382 998 2724 1077 pertineret
2747 998 2828 1060 ad
2856 998 3270 1063 substantiam
3292 1007 3546 1083 mysterii,
3568 1012 3674 1079 sire.
3753 1060 3758 1067 .

2253 1109 2402 1153 vera
2422 1092 2896 1155 intercessisset.
3430 1126 3438 1132 ·

2335 1188 2394 1246 7.
2446 1185 2706 1265 objectio
2735 1187 3676 1269 tertia.—Responeio.—Tentoat

2246 1278 2357 1357 jiei
2379 1284 2602 1358 potest,
2625 1278 2772 1359 quia
2792 1280 2866 1341 D.
2897 1280 3012 1342 Th.
3037 1286 3254 1361 aperte
3273 1282 3368 1343 bic
3383 1283 3526 1361 dicit,
3545 1306 3673 1353 seem

2251 1370 2404 1432 dum
2442 1371 2788 1434 humanam
2823 1379 3115 1435 naturam
3151 1392 3280 1435 non
3313 1375 3561 1442 advenire
3589 1382 3678 1447 Filio

2249 1465 2361 1527 Dei
2389 1484 2620 1528 novum
2641 1484 2804 1538 esse,
2835 1466 2948 1529 sed
2977 1467 3180 1528 solum
3213 1468 3680 1539 habitudinem&

2250 1559 2706 1637 praeexistentis
2725 1559 2808 1621 ad
2829 1558 3174 1622 humanam
3195 1567 3484 1625 naturam.
3509 1568 3678 1647 Respon-

2251 1651 2435 1715 detur
2463 1659 2674 1715 tamen
2701 1654 2884 1716 facile
2908 1671 2985 1716 ex
3011 1654 3217 1729 dictis,
3245 1670 3376 1717 non
3399 1674 3584 1738 negare
3599 1664 3682 1723 sin·
3760 1656 3761 1659 ’

2253 1744 2492 1824 pliciter
2535 1764 2767 1808 novum
2797 1765 2938 1810 esse
2962 1793 2979 1822 ,
3019 1748 3130 1810 sed
3159 1766 3390 1811 novum
3417 1768 3530 1812 esse
3551 1772 3680 1833 perso-

2249 1837 2434 1914 nale;
2481 1838 2735 1901 advenit
2783 1840 2952 1903 enim
2991 1841 3350 1903 humanitas
3390 1843 3575 1915 Verbo,
3608 1856 3684 1909 tan·

2255 1948 2444 2011 quam
2493 1939 2718 1995 natura
2758 1934 3117 2015 supposito,
3169 1941 3232 1996 et
3272 1935 3412 1998 ideo
3455 1955 3556 1998 non
3584 1940 3686 2003 affert

2250 2043 2390 2087 esse
2427 2025 2810 2105 simpliciter,
2858 2031 2921 2089 et
2959 2025 3633 2108 completum,··t'anquam
3655 2036 3686 2095 id

2250 2119 2418 2200 quod
2461 2126 2578 2195 est,
2620 2119 2734 2181 sed
2771 2120 2976 2183 solnm
3013 2140 3152 2183 esse
3195 2127 3452 2196 naturae,
3497 2124 3686 2201 quod&

2253 2230 2392 2275 esse
2413 2214 2758 2275 secundum
2780 2214 2953 2293 quid,
2981 2221 3045 2276 et
3065 2214 3194 2294 poti
3201 2232 3277 2276 us
3297 2215 3475 2278 habet
3490 2218 3688 2281 ratione-

2251 2306 2668 2370 inexistentiae
2709 2308 2775 2369 in
2814 2306 3042 2369 Verbo.
3081 2306 3266 2371 Unde
3295 2353 3315 2384 ,
3353 2308 3488 2371 licet
3509 2316 3692 2390 respecti

2251 2402 2443 2463 Verbi
2473 2402 2816 2464 secundum
2847 2420 2916 2463 se
2937 2447 2954 2475 ,
2995 2400 3239 2463 nullum
3269 2418 3408 2465 esse
3431 2402 3509 2464 illi
3533 2404 3694 2465 addatur
3759 2406 3761 2445 ³

2249 2506 2366 2576 per
2410 2495 2712 2557 unionem
2753 2495 3200 2571 humanitatiS‚
3251 2496 3368 2557 sed
3405 2496 3572 2557 solum
3602 2515 3694 2575 qur·

2251 2590 2398 2651 dam
2457 2588 2758 2651 habitudo
2819 2589 2904 2650 ad
2959 2590 3158 2669 ipsam
3193 2634 3210 2663 ‚
3271 2594 3474 2652 tamen
3517 2596 3696 2670 respecti
3759 2576 3762 2587 ’

2251 2684 2442 2747 Verbi
2473 2691 2546 2746 ut
2571 2682 2869 2761 hominm,
2912 2702 3137 2746 revera
3172 2684 3428 2745 additur
3459 2700 3570 2745 esse
3595 2692 3696 2745 natt-
3756 2712 3758 2715 >

2252 2779 2384 2841 rale
2425 2778 2617 2859 ipsius
2658 2779 3090 2841 humanitatis.
3139 2779 3216 2840 st
3249 2778 3332 2840 ad
3363 2778 3608 2839 eumdem
3629 2798 3698 2841 mo·

2251 2873 2404 2936 dum
2429 2872 2608 2935 facile
2637 2872 3072 2953 intelliguntur
3096 2872 3314 2934 omnia
3338 2916 3360 2949 ,
3391 2888 3519 2949 quie
3535 2874 3698 2935 atte-

2249 2986 2388 3029 mas
2417 2967 2566 3029 dicit
2591 2966 2654 3028 in
2687 2966 3103 3029 solutionibus
3127 2971 3621 3047 argumentorum.

2339 3064 2399 3125 8.
2450 3060 2706 3140 objectio
2736 3064 2977 3142 quarta.
3009 3090 3092 3108 -·
3115 3060 3466 3143 Responsio.
3497 3094 3562 3106 -
3581 3062 3698 3123 Unum
3760 3098 3761 3103 κ

2251 3156 2491 3229 solum,
2539 3154 2707 3235 quod
2746 3155 2812 3216 in
2861 3156 3172 3217 solutione
3215 3155 3305 3217 ad
3349 3154 3576 3217 tertium
3605 3155 3701 3226 didi.
3757 3158 3762 3219 l

2251 3248 2500 3324 scilicet,
2533 3255 2658 3309 tres
2683 3263 2984 3326 personas
3012 3248 3258 3309 divinas
3285 3266 3414 3310 non
3433 3248 3624 3309 habere
3641 3244 3703 3307 nii
3759 3250 3762 3291 ¹

2249 3358 2449 3405 unum
2467 3342 2635 3415 esse,
2665 3341 2812 3421 quia
2841 3344 2906 3403 in
2943 3343 3035 3404 eis
3057 3342 3224 3405 idem
3259 3348 3362 3405 est
3411 3360 3537 3404 esse
3557 3348 3705 3401 nature

2249 3442 2314 3502 et
2339 3454 2622 3518 personae
2640 3483 2659 3513 ,
2699 3436 2947 3497 difficile
2977 3441 3096 3497 est.
3127 3435 3520 3499 Ostendimus
3543 3435 3706 3496 enimin
3759 3420 3762 3479 ἕ

2251 3529 2703 3612 superioribu8‚
2757 3547 2897 3591 esse
2945 3528 3016 3589 in
3053 3530 3364 3591 Trinitate
3409 3548 3526 3591 non
3559 3534 3710 3591 tantun

2249 3640 2446 3685 unum
2469 3640 2606 3685 esse
2627 3622 3003 3696 absolutum,
3032 3622 3140 3684 sed
3167 3622 3366 3685 etiam
3399 3623 3510 3685 tria
3526 3622 3704 3683 relativa.
3757 3610 3762 3669 l

2250 3714 2372 3778 Sed
2415 3716 2549 3776 haee
2589 3714 2921 3777 difficultas
2955 3714 3258 3777 solvenda
3289 3722 3391 3778 est
3415 3716 3577 3778 etiam
3600 3711 3710 3773 adis·

2249 3808 2474 3888 cipalis
2499 3808 2572 3869 D.
2595 3808 2874 3883 Tliomae,
2900 3807 3006 3885 qui
3035 3807 3380 3871 admittunt
3397 3814 3516 3871 tres
3535 3806 3708 3867 existen·-

2247 3902 2368 3962 tias
2411 3900 2723 3963 relativae.
2771 3900 2954 3965 Unde
3001 3900 3352 3964 dicendum
3399 3908 3506 3977 est,
3541 3898 3708 3961 utto

2249 4012 2422 4057 mam
2462 3994 2636 4073 loqui
2677 3994 2757 4055 de
2801 4010 2941 4056 esse
2977 3994 3464 4073 perfectissimo,
3501 3990 3634 4073 quod
3661 3990 3710 4049 al

2251 4106 2390 4151 esse
2416 4086 2784 4167 simpliciter
2804 4086 2941 4163 Dei,
2975 4092 3040 4149 et
3067 4086 3351 4148 omnium
3378 4098 3709 4167 personarum,

2251 4180 2421 4261 quod
2440 4178 2788 4243 secundum
2813 4198 2881 4242 se
2901 4186 3062 4242 etex
3084 4181 3344 4261 proprio
3367 4186 3630 4258 conceptu
3645 4180 3710 4247 al,

2248 4290 2382 4335 non
2412 4273 2614 4334 solum
2641 4272 2990 4349 existentia,
3021 4272 3133 4335 sed
3161 4270 3356 4335 etiam
3385 4269 3710 4337 subsistentia

2251 4372 2314 4428 et
2341 4366 2485 4429 ideo
2513 4368 2754 4429 ratione
2781 4366 2950 4429 illius
2977 4372 3108 4429 tres
3133 4383 3425 4449 personae
3453 4370 3712 4427 santum

2251 4459 2534 4521 absolute
2555 4505 2572 4534 ,
2619 4467 2682 4522 et
2727 4460 2964 4522 habent
3005 4460 3376 4541 simpliciter
3416 4476 3588 4520 unum
3615 4470 3712 4525 esse,

2249 4553 2539 4633 quamvis
2569 4556 2984 4634 personaliter
3009 4554 3504 4636 distinguantur,
3533 4558 3584 4614 et
3606 4548 3714 4609 utsie

2249 4644 2528 4710 habeant
2555 4647 2844 4709 distincta
2865 4666 3006 4710 esse
3033 4647 3298 4711 relativa
3323 4694 3340 4723 ,
3383 4654 3444 4710 et
3467 4641 3712 4709 secundum

2251 4740 2426 4818 quid.

2729 4860 3079 4934 QUAESTIO
3113 4864 3324 4927 xvlu.

2291 5049 2364 5094 DE
2407 5048 2876 5099 mmmmm-mus
2914 5053 2995 5098 An
3038 5054 3340 5101 mtrrssssu
3381 5054 3441 5103 m
3482 5046 3694 5100 cants‘mv

2369 5142 2659 5196 ottanum
2701 5146 2782 5191 Al>
2821 5144 3234 5207 vomituum,
3279 5146 3346 5194 m
3383 5148 3490 5195 sn
3526 5140 3696 5191 unct·

2369 5234 2470 5284 Los
2512 5236 2732 5284 DlVlSA.

2335 5394 2557 5483 Deinde
2591 5396 3084 5460 considerandum
3113 5404 3202 5463 est
3247 5401 3315 5463 de
3347 5400 3563 5463 unitae
3592 5408 3714 5477 qm·

2247 5492 2374 5552 tecm
2395 5490 2478 5553 ad
2491 5489 2881 5555 voluntatem.
2896 5492 3168 5558 Eccirca
3185 5495 3292 5559 hoo
3309 5498 3714 5576 qaoemntsrm·
