3892 6167
1314 392 1645 465 msru‘rxr„
1665 392 1864 446 xxvn.
1896 396 2068 449 sse-r.
2103 398 2162 449 v.

110 488 427 560 scientias,
454 489 603 571 quia
644 495 713 553 ut
749 491 837 551 sic
862 509 989 552 non
1024 494 1443 571 cognoscebat
1468 494 1685 567 illum;

3259 400 3336 465 51

1774 496 1941 557 cium
1966 495 2412 559 abstractivum
2435 496 2514 557 de
2535 514 2802 559 numero
2831 499 3150 563 stellarum
3170 547 3186 575 ,
3217 502 3342 565 nisi

112 589 181 641 et
214 582 447 644 eadem
468 584 715 644 ratione
739 586 1021 663 sequitur
1038 605 1159 647 non
1180 588 1453 666 potuisse
1478 604 1691 649 amare
1771 607 1885 668 per
1912 591 2167 669 aliquod
2196 588 2514 661 medium;
2549 592 2866 669 quomodo
2897 594 3068 655 enim
3097 596 3338 677 concipi

112 675 421 737 distincte
460 682 589 739 tres
630 696 935 756 personas
980 679 1259 753 divinas,
1300 700 1375 741 ac
1418 680 1691 759 denique
1771 688 2000 761 potest,
2035 690 2104 745 ut
2124 683 2350 763 aliquis
2370 683 2693 745 evidenter
2712 686 2976 764 judicet,
3003 695 3172 750 astra
3199 706 3340 753 esse

115 770 413 845 sequitur
438 788 571 829 non
594 771 871 849 potuisse
906 773 1075 851 loqui
1104 774 1185 833 de
1218 773 1513 853 mysterio
1552 773 1691 833 Tri-

120 862 365 931 nitatis,
392 863 519 923 nisi
547 864 783 927 utendo
810 867 1067 927 scientia
1088 868 1295 941 beata,
1317 884 1461 927 cum
1482 873 1695 928 tamen

134 956 365 1017 eodem
396 958 589 1018 modo
618 958 697 1018 de
734 958 853 1019 hoc
888 961 1186 1039 mysterio
1208 959 1397 1021 fuerit
1420 960 1692 1034 locutae,

136 1052 297 1111 sicut
331 1050 411 1111 dc
442 1051 669 1111 futuris
710 1053 1241 1131 contingentibus,
1284 1059 1347 1113 et
1376 1052 1697 1131 cogitatio-

132 1146 323 1204 nibus
366 1146 675 1206 cordium.
707 1146 987 1207 Tandem
1020 1165 1147 1209 non
1192 1154 1285 1209 est
1316 1148 1697 1227 impossibile

129 1257 525 1319 cognoscere
569 1240 691 1301 hoc
730 1242 1099 1321 mysterium
1144 1260 1259 1321 per
1294 1242 1459 1303 hanc
1502 1242 1701 1303 scien·

128 1333 309 1405 tiam,
338 1339 405 1395 ut
432 1334 557 1395 late
588 1335 651 1394 in
674 1353 907 1412 genere
936 1336 1255 1414 disputant
1284 1336 1607 1409 Doctores,
1636 1336 1697 1395 in

126 1427 389 1506 Prolog.
434 1427 545 1488 lib.
594 1430 625 1489 1
674 1429 951 1489 Sentent.
976 1474 997 1503 ,
1044 1428 1387 1507 praesertim
1438 1430 1695 1507 Dionys.

124 1519 377 1592 Carth.;
394 1521 597 1598 attigit
628 1522 819 1583 etiam
834 1522 1055 1601 Cajet„
1076 1526 1135 1583 2.
1161 1524 1223 1595 2,
1246 1538 1311 1599 q.
1334 1521 1475 1593 171,
1498 1526 1615 1582 art..
1634 1524 1695 1594 5;

126 1612 311 1681 Dur..
360 1613 421 1673 d.
474 1616 579 1687 23,
614 1621 677 1675 et
706 1616 868 1677 banc
902 1615 1369 1677 conclusionem
1396 1621 1567 1677 tenet
1588 1618 1703 1679 Ca-

122 1706 247 1784 jet.
284 1706 415 1781 hic,
449 1712 513 1769 et
540 1708 645 1767 alii
670 1709 1021 1771 Themistoe.

216 1804 280 1859 4.
338 1800 465 1861 Sed
502 1801 831 1863 diffiznltas
870 1809 965 1865 est
998 1804 1061 1864 in
1100 1803 1471 1884 explicando
1516 1805 1705 1867 modo

128 1910 263 1969 qno
294 1894 503 1973 potnit
528 1896 741 1957 anima
768 1896 989 1957 Christi
1030 1914 1411 1975 cognoscere
1446 1898 1701 1959 Trinita-

124 1990 265 2047 tem
298 2004 415 2064 per
446 1988 607 2047 hanc
630 1989 995 2061 scientiam;
1024 1990 1241 2051 debuit
1268 1991 1433 2051 enim
1460 1991 1565 2051 illa
1594 2010 1699 2051 co-

126 2080 339 2158 gnitio
371 2098 509 2141 esse
540 2082 795 2142 evidens
826 2089 887 2143 ct
914 2082 1085 2145 clara
1107 2128 1128 2158 ‚
1172 2084 1327 2145 alias
1354 2084 1571 2145 fuisset
1599 2104 1699 2147 co·

128 2173 337 2251 gnitio
366 2172 551 2246 fidci3
587 2181 648 2234 et
672 2192 799 2235 non
823 2182 1027 2255 potest
1054 2194 1193 2238 esse
1217 2178 1489 2256 cognitio
1519 2178 1701 2239 intui-

126 2266 283 2341 tiva,
318 2272 388 2326 ut
414 2272 683 2339 constat,
710 2268 857 2345 quia
880 2270 1017 2329 haec
1040 2277 1137 2331 est
1153 2270 1311 2331 visio
1336 2270 1559 2341 beata;
1594 2290 1703 2333 ne-

124 2376 255 2437 que
322 2361 517 2421 etiam
563 2361 810 2423 videtur
862 2380 1047 2441 posse
1107 2382 1245 2425 esse
1299 2362 1699 2439 abstractiva,

130 2455 283 2531 quia
312 2472 523 2535 neque
549 2471 663 2533 per
686 2472 959 2529 causam,
992 2456 1139 2535 quia
1166 2457 1433 2517 Trinitas
1466 2458 1705 2519 nnllam

136 2548 332 2609 habet
348 2564 369 2626 3
399 2566 611 2627 neque
638 2566 747 2627 per
770 2548 1089 2623 effectum,
1116 2551 1263 2630 quia
1290 2550 1500 2611 nullus
1524 2552 1705 2613 effec-

138 2650 241 2703 tus
267 2642 558 2721 procedit
588 2662 629 2703 a
654 2644 803 2717 Dec,
846 2649 915 2704 ut
948 2644 1147 2704 trinus
1178 2650 1289 2705 est.

215 2739 279 2796 5.
332 2737 575 2797 Primus
608 2736 833 2808 modus
872 2734 1119 2799 dicendi
1148 2756 1285 2799 esse
1318 2746 1560 2817 potest,
1598 2760 1703 2802 co-

136 2830 359 2909 gnosci
413 2829 577 2891 lianc
628 2831 949 2891 veritatem
974 2874 990 2902 ,
1048 2831 1211 2893 Deus
1258 2836 1346 2895 est
1398 2836 1599 2895 trinus
1648 2840 1705 2899 et

132 2940 321 2997 unus,
346 2922 550 2983 solum
579 2940 657 2983 ex
688 2922 745 2983 vi
774 2921 1027 2983 luminis
1054 2929 1115 2984 et
1141 2923 1405 3003 alicujus
1443 2925 1701 3005 speciei,

130 3016 367 3093 quibus
412 3016 732 3076 evidenter
780 3015 1146 3077 ostendatur
1192 3016 1255 3077 id
1290 3036 1425 3079 esse
1481 3036 1707 3081 verum

134 3128 253 3189 per
278 3110 541 3171 modum
565 3109 863 3189 simplicis
891 3111 1257 3191 cognitioni.
1275 3156 1289 3184 ,
1322 3130 1451 3191 qua
1474 3130 1705 3189 cogno·

138 3210 355 3265 scatnr
390 3204 653 3275 veritae,
690 3204 833 3265 licet
870 3222 1001 3265 non
1030 3204 1315 3266 videatur
1344 3224 1446 3267 res
1474 3207 1609 3285 ipsa
1640 3208 1703 3269 in

140 3315 231 3357 se.
266 3297 385 3357 Hic
410 3295 641 3367 modus
667 3296 785 3357 dici
816 3296 1069 3373 quidem
1100 3304 1329 3376 potest,
1360 3306 1423 3359 et
1439 3300 1701 3363 fortasse

140 3410 271 3451 non
308 3396 519 3469 potest
562 3391 649 3453 ita
686 3390 1079 3471 impugnari,
1126 3398 1197 3453 ut
1228 3398 1557 3473 protervus
1586 3395 1705 3455 ali-

144 3484 287 3562 quis
317 3483 753 3555 convincatur;
773 3486 971 3546 fateor
996 3490 1209 3547 tamen
1237 3504 1341 3547 me
1368 3504 1497 3547 non
1522 3506 1707 3567 posse

142 3580 479 3657 concipere
506 3597 633 3657 quo
662 3579 849 3641 modo
876 3578 943 3639 id
968 3579 1077 3641 fiat
1105 3624 1121 3651 ,
1158 3580 1307 3659 quia
1336 3599 1463 3641 non
1502 3589 1709 3661 potest

142 3673 355 3751 aliqua
406 3673 635 3734 veritas
677 3674 965 3751 cognosci
998 3674 1079 3734 ab
1106 3673 1427 3735 intellectu
1458 3676 1709 3736 eviden-

143 3775 263 3837 ter,
292 3766 421 3827 nisi
441 3767 539 3828 vel
566 3786 681 3846 per
708 3768 959 3846 aliquod
986 3769 1289 3843 medium,
1322 3771 1417 3831 vel
1444 3788 1557 3849 per
1580 3776 1711 3831 tam

146 3861 507 3923 evidentem
552 3862 977 3939 cognitionem
1028 3870 1482 3939 extremorum,
1526 3874 1595 3925 ut
1634 3882 1713 3925 ex

142 3956 203 4016 vi
232 3956 403 4015 illius
432 3956 617 4016 simul
649 3961 987 4035 cognoscat
1018 3956 1473 4019 connexionem
1504 3964 1711 4019 extre-

139 4067 391 4112 morum
410 4068 427 4123 ;
460 4051 593 4109 haec
614 4056 825 4111 autem
849 4051 1121 4129 cognitio
1141 4051 1229 4111 sic
1250 4050 1553 4129 explicata
1578 4070 1709 4112 non

144 4144 213 4203 fit
252 4162 372 4223 per
414 4143 695 4205 medium
735 4144 1013 4224 aliquod,
1063 4156 1131 4204 ut
1170 4151 1415 4206 constat
1461 4147 1710 4225 (loquor

146 4239 321 4299 enim
364 4238 445 4299 de
482 4239 691 4301 medio
730 4240 977 4318 cognito
1002 4283 1021 4313 ,
1068 4257 1193 4299 non
1228 4239 1305 4300 de
1334 4240 1575 4300 ratione
1608 4260 1709 4301 co-

148 4332 519 4412 gnoscendi,
536 4332 737 4409 qualis
764 4338 861 4393 est
878 4334 1121 4411 species
1136 4332 1583 4410 intelligibilis).
1602 4353 1711 4395 ne-

148 4444 273 4505 que
294 4442 413 4505 per
428 4425 599 4485 illam
620 4426 707 4485 ita
732 4426 1129 4505 cognoscitur
1147 4428 1330 4497 Deus,
1360 4433 1421 4487 et
1444 4427 1711 4488 Trinitas

150 4521 211 4581 in
254 4538 349 4592 se,
398 4527 468 4580 ut
510 4520 911 4599 quidditative
956 4528 1017 4582 et
1057 4520 1223 4580 clare
1273 4527 1705 4598 cognoscatur,

150 4620 337 4695 prout
366 4615 437 4675 iu
466 4633 533 4677 se
565 4621 695 4687 est;
750 4616 869 4677 hoc
910 4614 1081 4675 enim
1114 4615 1385 4694 pertinet
1412 4614 1495 4677 ad
1520 4616 1711 4677 visio-

154 4726 297 4769 nem
336 4708 607 4779 beatam,
656 4708 799 4787 quia
839 4709 1108 4787 cognitio
1156 4708 1565 4786 quidditativa
1602 4708 1709 4769 Dei

154 4820 279 4861 non
334 4808 539 4881 potest
582 4819 721 4863 esse
766 4802 885 4861 nisi
943 4801 1253 4873 intuitiva‚
1284 4802 1451 4879 -quia
1504 4803 1711 4880 ipsum

156 4896 423 4957 existere
452 4900 549 4956 est
576 4895 657 4955 de
685 4894 1027 4974 qnidditate
1056 4895 1191 4970 Dei,
1235 4901 1297 4957 et
1326 4902 1420 4957 est
1448 4914 1563 4974 per
1590 4898 1714 4957 sei-

156 5006 335 5069 psum
376 5004 653 5068 praesens
690 4988 1029 5051 intellectui
1051 5005 1073 5065 3
1118 4996 1179 5051 et
1218 4988 1363 5050 ideo
1406 4988 1545 5049 [ieri
1586 5004 1715 5049 non

156 5090 355 5160 potest
386 5090 455 5143 ut
478 5081 769 5143 videatur
803 5128 821 5155 ‚
869 5089 1055 5160 prout
1090 5083 1155 5141 in
1196 5098 1263 5143 se
1292 5086 1387 5143 est
1416 5086 1559 5143 actu
1586 5082 1722 5143 exi-

156 5182 339 5247 stens,
376 5180 443 5237 et
468 5192 595 5235 non
620 5174 943 5247 intuitive3
979 5181 1041 5235 et
1066 5174 1293 5236 eadem
1320 5176 1563 5236 ratione
1586 5192 1719 5236 non

156 5276 357 5349 potest
394 5268 503 5329 illo
548 5268 813 5347 simplici
848 5268 1035 5329 modo
1066 5269 1357 5347 cognosci
1398 5266 1720 5329 evidenter

160 5361 283 5423 haec
320 5364 586 5437 veritae,
634 5368 697 5423 et
735 5369 947 5423 tamen
989 5362 1275 5443 cognosci
1320 5360 1713 5423 abstractive.

162 5458 576 5521 Confirmatur
605 5464 669 5518 et
694 5457 1035 5536 explicatur
1069 5457 1379 5537 exemplo,
1414 5456 1561 5537 quia
1588 5475 1719 5530 non

164 5558 351 5631 potest
378 5549 657 5630 intelligi
683 5558 747 5611 ut
776 5552 999 5629 aliquis
1022 5550 1255 5613 habeat
1278 5551 1531 5612 evidens
1553 5548 1720 5627 judi-

1774 777 1978 855 paria,
2025 796 2150 839 non
2193 775 2462 839 videndo
2507 776 2644 855 ipsa
2690 779 2752 839 in
2801 798 2870 840 sc
2913 780 3088 859 ipsis,
3129 799 3340 863 neque

1776 870 2014 933 utendo
2043 872 2254 951 aliquo
2277 868 2487 931 medio
2517 872 2598 931 ad
2623 872 2778 935 illud
2802 874 3110 954 judicium
3137 877 3340 940 feren-

1778 963 1929 1025 dum
1950 969 1975 1026 ‘2

1858 1060 1919 1119 6.
1953 1060 2280 1123 Secundus
2301 1063 2528 1125 modus
2549 1061 2802 1124 dicendi
2821 1082 2958 1125 esse
2983 1072 3188 1145 potest
3211 1066 3342 1127 ani·

1778 1170 1950 1213 mam
1990 1152 2210 1217 Christi
2247 1174 2632 1236 cognoscere
2665 1156 2786 1219 hoc
2827 1160 3192 1238 mysterium
3229 1178 3342 1238 per

1778 1247 2024 1325 aliquos
2052 1250 2332 1312 effectus.
2365 1252 2486 1313 Sed
2515 1252 2618 1313 hic
2638 1252 2916 1332 rejicitur
2939 1252 3020 1313 ab
3051 1254 3342 1315 omnibus

1778 1342 2136 1421 Theologis,
2163 1350 2551 1406 uttractatur
2575 1348 2606 1407 1
2636 1364 2724 1424 p.,
2757 1363 2820 1423 q.
2849 1349 2948 1421 32,
2981 1346 3128 1424 quia
3151 1362 3344 1427 opera

1780 1435 2096 1497 Trinitatis
2125 1437 2208 1498 ad
2233 1444 2410 1499 extra
2433 1445 2580 1499 sunt
2601 1438 2895 1510 indivisa3
2933 1440 3104 1501 unde
3123 1459 3348 1520 proce-

1784 1528 1939 1590 dunt
1969 1548 2004 1591 a
2035 1531 2162 1592 Deo
2194 1537 2262 1593 ut
2291 1551 2454 1593 unus
2487 1538 2584 1593 est
2603 1576 2622 1605 ,
2659 1539 2725 1594 et
2749 1533 3018 1594 Trinitas
3049 1552 3348 1613 persona-

1784 1640 1925 1683 rum
1942 1668 1964 1699 ,
2009 1625 2220 1703 quoad
2247 1624 2388 1685 illos
2419 1625 2812 1699 efficiendos,
2853 1644 2922 1689 se
2951 1627 3142 1689 hahet
3170 1628 3350 1707 quasi

1784 1736 1901 1797 per
1922 1736 1991 1779 se
2027 1718 2340 1780 accidens.
2373 1720 2594 1781 Dices:
2637 1719 2854 1781 relatio
2888 1726 3190 1783 creaturae
3219 1740 3354 1785 res-

1786 1813 1933 1893 picit
1961 1817 2310 1875 creatorem
2339 1818 2412 1875 ut
2433 1813 2562 1887 sic;
2597 1832 2746 1893 ergo
2773 1816 2992 1887 Deum,
3026 1823 3095 1877 ut
3117 1817 3354 1877 subsis-

1789 1911 2024 1967 tentem
2055 1924 2198 1969 cum
2231 1912 2540 1987 potestate
2569 1907 2860 1979 creandi;
2902 1908 3014 1969 sed
3041 1926 3172 1970 non
3201 1910 3352 1969 sub·

1788 2001 1950 2062 sistit
1985 2000 2102 2061 nisi
2151 2001 2215 2059 in
2259 2000 2460 2061 tribus
2510 2002 2798 2078 personis
2827 2022 2842 2073 ;
2895 2020 3047 2081 ergo
3099 2002 3354 2081 respicit

1783 2101 1911 2155 tres
1955 2110 2298 2173 personas3
2345 2112 2496 2174 ergo
2546 2096 2998 2174 comprehensa
3033 2096 3150 2155 hac
3191 2096 3354 2157 rela-

1784 2188 1976 2258 tione,
2007 2194 2136 2249 tres
2163 2205 2448 2265 personae
2477 2196 2958 2267 cognoscentur.
2991 2188 3353 2268 Responde·-

1785 2286 1885 2341 tur
1904 2280 2114 2355 facile,
2147 2281 2348 2359 primo
2369 2283 2568 2341 Deum
2591 2299 2718 2342 non
2745 2282 3082 2344 subsistere
3107 2288 3350 2344 tantum

1786 2390 1901 2454 per
1918 2373 2276 2463 relationes,
2303 2372 2416 2435 sed
2439 2376 2626 2435 etiam
2649 2393 2764 2454 per
2783 2394 2966 2437 suam
2989 2377 3350 2447 essentiam,

1786 2473 1855 2528 ut
1882 2485 2074 2545 supra
2107 2472 2430 2529 ostensum
2459 2474 2572 2529 est.
2607 2468 2866 2545 Deinde,
2897 2474 3030 2531 esto
3061 2468 3358 2529 subsiste·

1784 2562 1881 2621 ret
1910 2578 2025 2639 per
2067 2562 2236 2621 solas
2271 2560 2634 2633 relationes,
2671 2568 2884 2623 tamen
2918 2562 3138 2623 relatio
3181 2580 3358 2623 crea-

1784 2660 1937 2715 tnrae
1962 2671 2092 2715 non
2114 2654 2488 2716 terminatur
2510 2654 2858 2717 formaliter
2883 2655 2966 2716 ad
2990 2656 3350 2730 relationes,

1783 2747 1903 2807 nisi
1936 2754 2006 2809 nt
2033 2766 2234 2809 unum
2263 2754 2408 2809 sunt
2435 2748 2502 2809 in
2527 2750 2822 2823 essentia,
2852 2749 3136 2829 potentia
3167 2754 3228 2809 ct
3255 2766 3360 2810 ac·-

1784 2842 1954 2903 tione
1986 2842 2267 2916 creandi,
2301 2848 2386 2914 et,
2419 2842 2469 2903 si
2501 2842 2682 2917 velis,
2715 2842 2904 2903 etiam
2933 2842 3090 2903 utin
3113 2842 3358 2903 ratione

1788 2934 2170 2997 subsistendi
2211 2936 2630 3009 conveniunt,
2675 2954 2804 2996 non
2845 2954 2996 2997 vero
3036 2940 3106 2996 ut
3145 2935 3359 3013 plures

1788 3034 1954 3091 sunt.
2007 3028 2204 3106 Adde,
2253 3028 2626 3091 relationem
2671 3046 3004 3109 nunquam
3043 3048 3182 3091 esse
3225 3046 3360 3090 me-

1786 3122 1960 3183 dium
1979 3122 2062 3183 ad
2087 3123 2598 3202 cognoscendum
2624 3124 2985 3195 terminum,
3015 3122 3130 3185 sed
3149 3122 3360 3201 potius

1786 3233 2144 3295 supponere
2179 3217 2600 3296 cognitionem
2648 3216 2748 3277 sui
2785 3216 3059 3292 termini,
3115 3223 3180 3277 ut
3221 3214 3360 3295 ipsa

1783 3308 2082 3388 cognosci
2106 3312 2320 3388 possit.
2371 3310 2494 3371 Sed
2523 3310 2602 3371 de
2633 3310 2752 3371 hac
2781 3310 3044 3371 materia
3073 3308 3258 3370 latius
3286 3308 3356 3367 in

1786 3402 2038 3481 proprio
2064 3402 2204 3464 loco
2237 3402 2576 3464 dicendum
2605 3410 2721 3466 est.
2755 3404 2970 3466 Solum
3001 3403 3080 3463 de
3107 3402 3356 3464 duobus

1786 3501 1992 3574 potest
2019 3512 2159 3557 esse
2189 3495 2550 3570 difficultas,
2575 3498 2812 3559 scilicet
2839 3496 2919 3558 de
2943 3498 3184 3557 visione
3210 3496 3360 3556 bea-

1787 3592 1874 3661 ta,
1918 3594 1980 3649 et
2021 3588 2104 3649 de
2149 3590 2338 3650 modo
2387 3590 2642 3651 unionis
2685 3590 2792 3669 qui
2837 3598 2932 3652 est
2977 3591 3044 3651 in
3083 3589 3364 3649 humana

1791 3682 2014 3743 Christi
2045 3688 2268 3743 natura
2289 3728 2310 3759 ,
2359 3700 2498 3761 quae
2525 3684 2796 3745 diximus
2827 3702 2940 3763 per
2967 3684 3130 3745 hanc
3160 3684 3364 3744 scien-

1791 3776 1943 3835 tiam
1979 3778 2272 3855 cognosci
2310 3776 2394 3837 ab
2433 3777 2647 3837 anima
2687 3778 2952 3853 Christi3
2998 3778 3154 3837 visio
3197 3777 3362 3837 enim

1796 3869 2166 3931 terminatur
2199 3870 2280 3930 ad
2309 3888 2634 3948 personas,
2669 3876 2734 3931 et
2761 3876 3173 3948 repraesentat
3197 3870 3358 3945 illae,

1792 3970 1856 4023 et
1882 3962 2170 4023 similiter
2191 3963 2339 4023 unio
2365 3966 2736 4025 terminatur
2761 3964 2841 4023 ad
2863 3963 3173 4036 Verbum3
3209 3980 3362 4042 ergo

1790 4074 1901 4135 per
1924 4057 2038 4117 hos
2057 4056 2314 4117 effectus
2339 4058 2632 4133 cognosci
2657 4062 2918 4136 possunt
2940 4056 3362 4135 proprietates

1790 4150 2175 4229 personales.
2211 4151 2346 4211 Non
2377 4150 2630 4223 desunt,
2665 4150 2770 4228 qui
2797 4149 3132 4212 verisimile
3155 4148 3362 4211 existi·

1792 4250 1960 4304 ment
1983 4290 1996 4315 ,
2029 4260 2156 4303 non
2187 4242 2388 4304 solnm
2419 4260 2496 4305 ex
2527 4244 2656 4316 his,
2691 4244 2804 4305 sed
2829 4262 2906 4305 ex
2937 4243 3228 4305 omnibus
3257 4262 3360 4305 su-

1792 4336 2296 4416 pernaturalibus
2321 4336 2670 4411 effectibus,
2699 4337 2920 4417 gratia,
2951 4337 3276 4409 charitate,
3298 4344 3361 4399 et

1791 4430 2098 4489 similibus
2127 4429 2294 4491 clare
2326 4430 2613 4509 cognitiS‚
2649 4448 2834 4509 posse
2856 4430 3224 4493 Trinitatem
3253 4448 3360 4491 co·-

1791 4523 2048 4602 gnosci3
2085 4522 2197 4584 sed
2225 4524 2512 4584 existimo
2537 4524 2700 4585 hanc
2731 4524 3104 4586 sententiam
3134 4522 3356 4583 falsam

1791 4633 1925 4675 esse
1947 4660 1964 4688 ,
1998 4622 2059 4677 et
2091 4616 2318 4677 eodem
2345 4616 2535 4678 modo
2566 4634 2750 4696 posse
2779 4616 3075 4696 praedicta
3106 4615 3350 4677 ratione

1792 4710 2096 4783 convinci,
2134 4710 2254 4769 nisi
2283 4710 2574 4789 loquatur
2599 4711 2680 4773 de
2709 4710 3066 4789 cognitione
3097 4728 3238 4789 quae
3275 4708 3356 4773 ad

1794 4802 2172 4864 evidentiam
2191 4804 2583 4867 testificantis
2603 4812 2934 4867 revocatur
2953 4850 2974 4881 ‚
3012 4810 3082 4865 ut
3093 4805 3227 4883 jam
3253 4822 3357 4865 ex-

1792 4896 2058 4976 plicabo.
2093 4896 2440 4958 Dicendum
2470 4905 2563 4959 est
2599 4914 2748 4977 ergo
2772 4896 3080 4959 visionem
3103 4896 3356 4959 beatam

1794 5005 1911 5069 per
1938 5008 2008 5051 se
2035 4990 2238 5070 primo
2269 4990 2586 5052 terminari
2622 4990 2704 5052 ad
2731 4990 2928 5052 Deum
2955 5038 2967 5064 ‚
3015 4998 3082 5051 nt
3111 4990 3201 5053 sic
3225 5036 3242 5065 ,
3297 4996 3358 5051 et

1799 5090 1861 5145 et
1894 5090 2358 5161 consequenter
2401 5083 2482 5145 ad
2525 5102 2847 5163 personas,
2878 5092 2939 5146 et
2969 5086 3076 5157 ita,
3111 5084 3362 5164 cognita

1796 5176 1932 5256 ipsa
1959 5176 2222 5251 visione,
2254 5174 2462 5239 solum
2493 5178 2784 5257 cognosci
2815 5177 2986 5239 illam
3017 5194 3158 5239 esse
3181 5178 3368 5237 visio·

1798 5288 1945 5331 nem
1974 5270 2112 5345 Dei,
2142 5279 2328 5351 prout
2348 5272 2411 5332 in
2437 5290 2504 5333 se
2528 5278 2645 5346 est,
2678 5289 2805 5332 non
2831 5276 3046 5333 tamen
3071 5270 3366 5350 cognosci

1801 5365 2118 5443 quomodo
2141 5367 2310 5427 Deus
2335 5366 2398 5426 in
2425 5382 2492 5427 se
2516 5366 2655 5445 ipso
2685 5366 2768 5427 sit
2793 5373 2854 5427 et
2873 5366 3184 5439 videatur,
3219 5382 3370 5442 pree-

1801 5460 2016 5520 sertim
2055 5458 2204 5537 quia
2245 5459 2482 5521 dictum
2523 5466 2654 5535 est,
2703 5458 2878 5521 illam
2907 5458 3212 5521 visionem
3245 5472 3372 5518 non

1803 5550 2075 5631 perfecte
2107 5554 2558 5633 comprehendi
2593 5560 2765 5616 extra
2796 5551 3102 5616 visionem
3129 5550 3264 5613 Dei.
3297 5550 3372 5613 m
