3892 6167
547 464 803 529 laudem
837 464 1043 527 omnis
1088 458 1345 527 alterius
1390 466 1693 525 creaturae
1716 502 1733 533 ,
1780 472 2112 541 nunquam

550 570 765 627 tamen
802 558 1050 641 attingit
1086 574 1449 641 supremam
1491 552 1919 618 laudationem
1956 552 2110 617 divi·

552 670 723 723 nam.
756 668 892 735 quoe
932 654 1014 718 ad
1040 652 1286 717 latriam
1316 652 1426 716 Dei
1458 659 1737 731 spectum
1784 664 2110 733 nunquam

552 748 722 813 enim
766 748 1168 813 laudabimus
1214 748 1382 811 illam
1438 747 1889 812 humanitatem
1939 742 2111 827 quod

550 842 793 907 infinita
822 844 925 919 sit,
966 848 1076 906 aut
1109 842 1379 905 creatrix
1406 857 1613 907 rerum
1640 858 1657 919 ;
1690 858 1841 923 ergo
1882 842 2109 905 eadem

549 938 953 1018 proportione
1000 936 1079 998 de
1128 935 1493 999 adoratione
1540 936 1939 999 sentiendum
1989 940 2103 999 est.

550 1028 955 1111 Respondent
982 1030 1198 1110 aliqui,
1230 1030 1419 1093 aliam
1448 1044 1585 1093 esee
1614 1033 1923 1095 rationem
1954 1028 2110 1093 ado·

548 1124 832 1200 rationis,
862 1124 1047 1186 aliam
1090 1120 1315 1200 laudis,
1360 1140 1507 1185 nem
1538 1122 1821 1186 adoratio
1860 1122 2112 1185 exhibet

547 1226 763 1280 notam
806 1215 1235 1280 submissionis
1264 1214 1647 1279 attendendo
1676 1216 1759 1278 ad
1806 1216 2112 1279 excellen-

547 1310 697 1372 tiam
730 1310 816 1372 rei
846 1308 1143 1383 adoratae,
1178 1316 1241 1373 et
1278 1310 1423 1373 ideo
1461 1316 1531 1372 ut
1558 1308 1749 1391 digne
1778 1310 1911 1382 flat,
1940 1326 2111 1371 sem-

546 1414 664 1485 per
707 1401 898 1465 dehet
935 1402 1173 1466 attendi
1228 1416 1475 1466 summa
1528 1401 1893 1467 excellentia
1914 1451 1933 1480 ,
1983 1402 2112 1465 eive

549 1494 705 1569 cola,
730 1494 861 1558 sive
886 1507 1031 1559 cum
1070 1494 1211 1561 aliie
1242 1494 1430 1560 simul
1472 1496 1939 1571 consideretur:
1973 1492 2112 1561 laus

549 1602 703 1653 vcro
730 1590 934 1652 solutu
960 1598 1053 1654 est
1091 1591 1446 1672 praedicatio
1474 1589 1761 1672 qun-dam
1790 1588 2113 1673 dignitatis

552 1682 831 1758 alterius,
860 1684 917 1745 in
946 1698 1070 1763 qua
1096 1697 1221 1748 non
1250 1696 1499 1766 semper
1519 1698 1781 1749 necesse
1814 1691 1910 1749 eat
1938 1698 2110 1749 eum·

551 1788 721 1837 mam
754 1771 1195 1855 perfectionem
1228 1774 1317 1841 rei
1349 1791 1869 1854 commemorare,
1900 1794 2110 1859 neque

552 1880 777 1931 omnes
822 1866 1031 1943 simul,
1064 1867 1177 1933 sed
1220 1868 1285 1933 in
1318 1866 1596 1949 qtialibet
1630 1876 1831 1952 potest
1874 1870 2109 1934 versari

550 1958 849 2024 laudatio.
885 1960 1029 2026 Haec
1074 1978 1225 2027 vero
1266 1960 1615 2027 differentia
1658 1964 1929 2045 primum
1975 1966 2112 2028 sine

551 2051 963 2119 fundamento
988 2058 1183 2137 posita
1203 2062 1391 2136 atque
1418 2058 1766 2139 excogitata
1788 2066 1905 2135 est,
1935 2058 2110 2139 quia,

550 2162 667 2230 per
693 2168 759 2212 se
780 2147 1120 2230 loquendo,
1144 2159 1205 2213 et
1230 2148 1395 2231 apud
1418 2152 1617 2215 Deum
1645 2149 1801 2215 nihil
1830 2156 1927 2216 eat
1944 2150 2110 2233 quod

554 2242 789 2322 obliget
816 2242 895 2305 ad
926 2242 1313 2309 adorandam
1342 2260 1478 2309 rem
1510 2250 1767 2326 propter
1798 2258 2114 2309 summam

553 2334 985 2399 excellentiam
1015 2350 1205 2417 quam
1250 2338 1315 2401 in
1342 2350 1411 2403 re
1460 2335 1669 2414 habet,
1702 2338 1814 2403 aed
1854 2346 2114 2420 propter

550 2422 722 2492 iliam
744 2440 885 2507 qum
914 2434 1059 2495 actu
1084 2432 1150 2493 in
1172 2444 1248 2495 ea
1274 2428 1741 2511 consideratum
1766 2440 1828 2497 et
1857 2430 2114 2495 aliunde

550 2532 671 2585 nec
696 2530 991 2587 tenemur
1026 2536 1279 2605 semper
1324 2522 1725 2589 considerare
1772 2540 2109 2599 summum,

550 2630 761 2693 neque
787 2616 975 2679 etiam
1002 2624 1293 2681 tenemur
1320 2616 1638 2681 abstinere
1663 2616 1749 2681 ab
1766 2617 1935 2681 omni
1964 2618 2114 2681 ado-

549 2708 817 2785 ratione,
850 2706 1355 2791 quandocunque
1396 2711 1477 2776 de
1522 2728 1815 2792 suprema
1866 2708 1978 2775 Dei
2011 2710 2110 2773 di·-

550 2803 787 2883 gnitate
828 2816 959 2867 non
1002 2804 1373 2885 cogitamus.
1418 2804 1532 2871 sed
1574 2804 1656 2870 de
1700 2805 1913 2886 aliqua
1954 2806 2115 2869 infe·

550 2896 722 2960 riori.
755 2893 1153 2978 Deindequoe
1186 2906 1282 2962 eat
1304 2900 1461 2963 ratio
1488 2916 1603 2964 cur
1628 2896 1751 2963 hoc
1790 2898 1868 2963 eit
1898 2914 2117 2962 neces-

552 2986 785 3053 sarium
816 2992 881 3055 in
922 2990 1307 3066 adoratione,
1332 2998 1396 3057 et
1436 3008 1564 3057 non
1602 2992 1668 3055 in
1706 2990 2115 3056 laudatione?

550 3084 689 3147 Non
718 3084 887 3147 enim
918 3084 1001 3147 ob
1025 3086 1217 3149 aliam
1258 3102 1509 3149 causam
1545 3086 1611 3148 tn
1656 3086 2019 3149 laudatione
2049 3086 2115 3149 id

551 3174 722 3255 licet,
752 3176 871 3241 nisi
902 3178 1050 3259 quia
1086 3178 1162 3256 ia,
1194 3180 1299 3261 qui
1339 3176 1559 3242 laudat
1588 3196 1717 3243 rem
1752 3178 1835 3243 ob
1860 3178 2115 3241 inferio-

550 3285 710 3344 rem,
744 3286 875 3333 non
902 3276 1091 3352 negat
1113 3288 1225 3335 eeu
1247 3272 1519 3335 excludit
1538 3272 1843 3353 majorem
1871 3272 2114 3353 periec-

550 3364 815 3437 tionem‚
848 3366 960 3427 sed
1006 3365 1364 3445 pmscindit
1412 3372 1679 3433 tantum.
1726 3374 1789 3429 et
1830 3366 1931 3429 vel
1981 3382 2111 3429 non

550 3456 891 3537 petest,vel
912 3470 1039 3521 non
1063 3462 1319 3523 tenetur
1330 3460 1545 3523 omnia
1575 3457 1762 3521 simul
1800 3460 2107 3539 proferre,

550 3562 670 3613 nec
698 3562 951 3631 semper
976 3550 1039 3615 id
1064 3550 1235 3632 quod
1271 3552 1615 3615 maximum
1644 3556 1759 3615 eat.
1794 3552 1974 3627 Quod
2002 3566 2111 3615 au·

550 3648 677 3705 tem
720 3642 987 3707 laudans
1022 3644 1260 3727 profert
1296 3646 1533 3723 lingua,
1566 3646 1837 3708 adorans
1876 3644 2114 3726 signifi-

552 3742 653 3800 cat
679 3745 857 3819 gestu
894 3736 992 3801 vel
1039 3740 1285 3805 actione
1319 3740 1553 3819 aliqua.
1606 3737 1771 3821 Ergo
1804 3740 2109 3815 similiter,

552 3832 839 3911 quamvis
868 3830 1167 3897 exhibeat
1208 3834 1459 3913 signum
1500 3832 1763 3897 minoris
1805 3832 2116 3895 excellen-

554 3926 675 4000 tioe,
720 3940 851 3988 non
878 3926 1149 3991 excludit
1186 3935 1490 4009 majorem
1513 3974 1534 4004 ,
1567 3926 1681 3991 scd
1724 3926 2111 4007 praescindit3

552 4024 619 4081 et
656 4018 755 4081 vel
804 4036 933 4084 non
984 4028 1228 4103 potest,
1274 4022 1375 4085 vel
1416 4020 1638 4085 saltem
1690 4035 1821 4083 non
1863 4028 2117 4085 tenetur

552 4124 807 4194 semper
834 4114 1131 4178 exhibere
1158 4118 1409 4197 signum
1432 4130 1743 4203 aopi-ema⁵
1766 4112 2110 4193 dignitatis.

552 4204 641 4267 Eu
669 4206 769 4268 vel
793 4206 1071 4270 >maxime
1090 4206 1260 4287 qnod
1292 4208 1425 4289 ipsa
1446 4206 1751 4285 laudatio,
1778 4210 1831 4269 ai
1860 4222 1938 4271 ex
1966 4222 2117 4270 con-

552 4300 841 4361 veniente
870 4300 1095 4362 ait'ectu
1128 4306 1190 4363 et
1218 4300 1563 4363 intentione
1593 4300 1736 4377 ilat,
1766 4304 1974 4381 potest
2001 4318 2114 4363 ve—

550 4406 687 4453 ram
727 4392 1032 4454 rationem
1062 4390 1445 4455 adorationis
1469 4394 1736 4467 habere3
1783 4408 1928 4455 nam
1971 4408 2113 4455 esse

550 4486 752 4561 potest
778 4482 1421 4547 accommodatissima
1463 4496 1614 4547 note
1646 4484 2108 4564 submissionia3

550 4580 621 4637 ut
650 4574 904 4653 quando
946 4576 1087 4655 quis
1130 4575 1403 4639 divinam
1438 4576 1869 4641 excellentiam
1918 4578 2112 4641 extol-

549 4668 645 4744 lit,
674 4670 885 4731 animo
929 4686 997 4733 se
1028 4668 1113 4733 illi
1156 4670 1583 4745 submittendi,
1630 4678 1697 4737 et
1734 4672 1917 4752 quasi
1943 4670 2112 4735 exhi-

548 4760 737 4825 bendi
764 4762 1065 4825 tributum
1088 4764 1257 4843 quod
1281 4770 1570 4829 creatura
1590 4764 1781 4829 dehet
1806 4766 2106 4843 creatori3

552 4869 728 4933 ergo,
762 4856 922 4918 sicut
949 4861 1155 4935 potest
1190 4855 1433 4921 laudari
1461 4858 1821 4921 humanitus
1856 4856 2106 4934 Christi,

552 4946 635 5009 ita
668 4952 873 5024 potest
901 4949 1037 5029 ipsa
1067 4948 1427 5013 laudatione
1456 4950 1728 5015 adorari.

631 5039 733 5101 20,
779 5040 1085 5119 Denique,
1114 5040 1419 5122 quidquid
1448 5044 1528 5106 eit
1568 5043 1651 5107 de
1678 5042 1786 5106 illa
1814 5042 2112 5107 differen-

551 5132 661 5204 tia,
694 5147 771 5195 cu
814 5134 965 5197 nihil
1008 5132 1214 5199 obstat
1244 5136 1479 5199 ultimae
1526 5136 1857 5201 assertioni
1884 5150 2112 5219 propo·

548 5226 705 5301 sitm,
742 5242 889 5291 nam
916 5228 980 5291 in
1018 5230 1407 5306 adoratione,
1434 5248 1574 5312 quoe
1604 5232 1667 5293 in
1700 5230 1803 5294 illa
1836 5232 2112 5313 explica*

1782 358 2018 421 QUAEST.
2054 358 2200 413 XXV.
2236 358 2438 415 Anne.
2473 360 2534 415 il.

2192 458 2316 523 alia
2343 460 2544 542 major
2589 462 2653 525 in
2683 460 2791 527 ina
2823 460 3246 537 humanitatet
3289 474 3444 529 nam
3475 458 3754 533 vetrum

2193 569 2304 616 seu
2334 554 2627 618 divinitae
2655 571 2780 619 non
2825 562 2944 629 est,
2988 556 3236 639 proprie
3269 555 3621 637 loquendo,
3657 580 3755 625 ex-

2190 646 2480 713 cellentia
2513 645 2919 713 humanitatis
2964 650 3188 732 ipsius,
3233 648 3349 715 sed
3385 647 3624 717 Christi
3649 650 3750 719 Dei

2191 738 2484 819 hominis,
2521 754 2558 805 a
2586 756 2714 822 quo
2745 740 3104 809 humanitas
3129 742 3562 826 distinguitur,
3601 745 3752 809 sicut

2191 840 2416 899 natura
2473 850 2862 917 componens
2926 852 2964 901 a
3027 854 3298 919 persona
3357 840 3706 921 composita
3737 864 3754 915 ς

2189 943 2436 993 summa
2465 946 2618 1011 ergo
2643 929 3012 996 excellentia
3036 934 3200 997 iilius
3221 934 3640 999 humanitatis
3669 943 3760 998 cst

2190 1022 2326 1102 ipsa
2355 1022 2526 1091 unio.
2571 1030 2634 1087 et
2659 1020 3068 1092 sanctificatio
3107 1044 3217 1091 seu
3241 1020 3594 1101 deificatio,
3623 1042 3764 1108 qna

2191 1130 2321 1179 non
2349 1124 2446 1182 est
2485 1115 2688 1182 deitas
2714 1120 2875 1201 ipsa,
2909 1122 3022 1185 sed
3053 1120 3316 1185 effeetus
3343 1124 3510 1203 ejus,
3545 1122 3612 1185 in
3639 1137 3763 1200 qua

2192 1209 2328 1291 ipsa
2375 1229 2502 1275 non
2545 1212 2908 1290 includitur,
2959 1214 3082 1277 nisi
3120 1218 3192 1277 ut
3236 1232 3428 1279 cauea
3479 1213 3764 1277 formalis

2195 1306 2566 1383 extrinseca,
2614 1312 2682 1371 ut
2727 1305 3116 1371 declaratum
3155 1314 3267 1372 est.
3319 1305 3399 1371 At
3441 1320 3603 1371 vero
3667 1304 3764 1369 illa

2191 1400 2584 1472 adoratione,
2611 1420 2800 1482 quam
2832 1403 3286 1483 appellavimus
3315 1396 3766 1465 secundariam

2193 1492 2438 1555 latriam
2465 1536 2482 1567 ‚
2511 1491 2812 1558 adoratur
2849 1494 3207 1557 humanitas
3237 1493 3466 1559 Christi
3507 1500 3768 1575 propter

2190 1584 2356 1647 hanc
2382 1586 2778 1667 dignitatem,
2809 1588 2970 1650 elcut
3005 1586 3087 1651 de
3114 1582 3338 1653 eadem
3373 1582 3632 1651 laudari
3663 1604 3768 1667 po-

2191 1683 2355 1756 test3
2399 1694 2551 1761 ergo
2594 1679 2698 1742 illa
2741 1680 3096 1745 differentia
3127 1698 3255 1746 non
3291 1688 3470 1747 recte
3512 1680 3621 1743 hic
3667 1698 3768 1743 ae-

2191 1772 2648 1837 commodatur.
2673 1768 2854 1839 Unde
2883 1780 3087 1856 potest
3115 1769 3316 1839 obiter
3337 1776 3575 1847 notari,
3594 1774 3769 1837 atiud

2191 1878 2332 1928 esse
2361 1866 2614 1931 adorari
2647 1869 3100 1933 humanitatem
3141 1878 3400 1951 propter
3443 1880 3770 1931 summam

2193 1958 2332 2037 ejus
2365 1962 2823 2035 excellentiam,
2867 1962 3040 2044 quod
3065 1962 3130 2025 in
3161 1980 3242 2026 eo
3276 1970 3420 2027 actu
3455 1959 3532 2025 flt
3552 1978 3574 2039 ;
3597 1962 3770 2025 aliud

2195 2068 2344 2117 vero
2371 2068 2512 2119 esse
2556 2054 2804 2119 adorari
2849 2070 3142 2137 supremo
3169 2058 3384 2133 modo,
3409 2054 3518 2121 vei
3547 2073 3767 2136 mpro-

2193 2163 2298 2211 mo
2329 2156 2470 2211 actu
2501 2162 2630 2230 quo
2651 2144 2904 2213 adorari
2925 2156 3148 2231 potest,
3169 2150 3339 2231 quod
3365 2165 3445 2215 eo
3463 2160 3616 2213 aciu
3643 2166 3764 2211 non

2193 2240 2293 2315 fit:
2322 2240 2528 2305 altiori
2555 2242 2728 2307 enim
2757 2250 2898 2307 actu
2919 2250 2982 2307 et
3017 2242 3208 2307 modo
3233 2240 3490 2317 colitur,
3507 2244 3760 2323 quando

2193 2332 2568 2401 coadoratur
2621 2332 2827 2399 Verbo
2879 2352 2994 2419 per
3050 2350 3412 2419 supremam
3467 2336 3759 2409 latriam:

2193 2429 2367 2507 quia,
2399 2432 2561 2493 sicut
2593 2432 2902 2511 optimum
2949 2426 3037 2495 illi
3065 2440 3164 2495 eat
3207 2444 3350 2493 ease
3383 2424 3765 2493 snbstantia-

2193 2522 2338 2587 liter
2387 2524 2788 2604 conjunctam
2841 2520 3067 2601 Verbo,
3122 2522 3210 2587 ita
3259 2540 3556 2587 summus
3601 2524 3761 2586 illius

2195 2618 2402 2683 honos
2445 2624 2542 2683 eet
2585 2614 2912 2683 coadorari
2961 2616 3170 2683 Verbo
3212 2633 3512 2699 suprema
3560 2612 3758 2692 latria,

2193 2728 2334 2793 quie
2371 2728 2498 2775 non
2538 2712 2606 2775 in
2649 2708 2782 2775 sola
2823 2712 3130 2791 dignitate
3177 2710 3622 2788 humanitatis,
3653 2709 3758 2775 aed

2194 2807 2260 2869 in
2295 2802 2666 2871 excellentia
2708 2802 2906 2887 ipsius
2941 2818 3229 2889 personre
3272 2803 3516 2869 directa
3543 2812 3610 2869 et
3653 2824 3760 2887 per

2195 2912 2264 2963 se
2292 2900 2500 2981 primo
2525 2892 2845 2966 fundatur.

2275 2992 2378 3057 21.
2427 2988 2686 3073 objectio
2713 2990 2956 3075 duplae.
2991 3020 3072 3039 -·-
3098 2988 3225 3057 Sed
3251 2990 3398 3056 hinc
3425 2992 3762 3071 insurgunt

2195 3088 2336 3151 duae
2359 3082 2768 3166 obiectiones.
2808 3080 2982 3149 Prior
3010 3085 3132 3161 est,
3165 3086 3313 3167 quia
3343 3084 3758 3167 repugnantia

2193 3178 2566 3255 involvitur,
2621 3191 2763 3241 cum
2811 3172 3041 3243 dicitur
3093 3176 3460 3241 hnmanitas
3513 3176 3758 3241 adorari

2193 3278 2456 3354 propter
2481 3286 2794 3335 summam
2837 3268 3273 3335 excellentiam
3317 3288 3516 3353 quam
3545 3267 3748 3346 habet,

2195 3368 2258 3429 et
2293 3361 2422 3427 non
2457 3362 2703 3427 adorari
2738 3364 3013 3444 perfecta
3039 3363 3246 3437 lati-itu
3277 3366 3428 3445 quia
3457 3364 3566 3427 illu
3591 3378 3747 3427 sum-

2192 3475 2298 3521 ma
2337 3454 2610 3539 dignitas
2648 3456 2908 3521 includit
2928 3456 3244 3531 Verbum,
3295 3458 3529 3521 saltem
3571 3458 3746 3521 modo

2194 3552 2484 3633 superine
2515 3548 2822 3632 explicato
2833 3564 2854 3629 ;
2887 3566 3038 3631 ergo
3057 3550 3368 3629 adoratio,
3389 3569 3538 3632 qnae
3565 3554 3628 3615 in
3649 3552 3744 3613 illa

2194 3642 2496 3725 dignitate
2561 3642 2901 3719 fundatur,
2957 3644 3258 3707 fundatur
3319 3646 3388 3707 in
3451 3642 3740 3725 dignitate

2194 3736 2410 3815 Verbi,
2437 3739 2502 3800 et
2525 3736 3003 3817 comprehendit
3027 3738 3300 3799 Verbum
3335 3738 3582 3819 ipsum3
3607 3756 3744 3817 ergo

2209 3838 2317 3893 est
2343 3828 2625 3913 perfecta
2655 3828 2834 3891 latria
2849 3830 2944 3893 ,Et
2985 3828 3429 3908 confirmatur,
3465 3833 3612 3911 quia
3639 3834 3748 3893 vir-

2197 3932 2301 3987 tus
2323 3922 2640 4005 religionis
2659 3920 2784 3987 nou
2808 3923 2955 3987 colit
2977 3923 3098 3987 nisi
3119 3924 3336 3995 Deum,
3359 3940 3576 4005 neque
3591 3941 3750 3987 exer-

2197 4024 2298 4082 cet
2337 4026 2548 4081 actum
2603 4016 2721 4081 nisi
2773 4013 3066 4099 perfecte
3113 4018 3344 4093 lati-im
3381 4018 3500 4083 sed
3531 4016 3748 4081 dictum

2197 4116 2294 4177 est
2322 4112 2484 4173 hanc
2511 4108 2945 4174 adorationem
2979 4109 3122 4174 elici
3161 4130 3201 4173 a
3234 4113 3474 4176 virtute
3515 4112 3752 4191 religio-

2195 4204 2324 4278 nis;
2349 4222 2525 4283 ergo.
2556 4202 2842 4267 Secunda
2868 4204 3200 4267 difficultas
3227 4210 3347 4279 est,
3376 4204 3532 4285 quia
3563 4204 3748 4284 sequi-

2194 4300 2298 4361 tur
2325 4312 2401 4360 ex
2429 4296 2610 4361 dictis
2629 4312 2814 4379 posse
2841 4312 2958 4359 nos
2989 4312 3210 4379 preces
3235 4296 3514 4361 fundere
3543 4297 3627 4362 ad
3647 4298 3747 4360 lm·

2193 4390 2557 4453 manitatem
2577 4386 2826 4465 Christi,
2857 4395 2927 4454 ut
2953 4392 3281 4473 praecisam
3301 4410 3340 4455 a
3354 4392 3598 4465 Verbo,
3615 4392 3745 4475 qnia

2193 4486 2418 4547 eadem
2449 4484 2696 4547 videtur
2745 4500 2888 4547 esse
2929 4486 3090 4547 ratio
3137 4484 3467 4562 orationis,
3500 4500 3642 4565 quae
3665 4494 3746 4549 est

2195 4574 2598 4639 adorationis.
2644 4574 2824 4641 Unde
2870 4577 3134 4639 ulterius
3178 4577 3272 4649 fit,
3313 4578 3432 4641 tali
3477 4578 3742 4643 oratioue

2191 4686 2320 4733 non
2351 4684 2490 4733 esee
2515 4666 2949 4732 honorandam
2977 4671 3444 4733 humanitatem
3474 4672 3736 4735 cultula·
3850 4672 3852 4747 ζ

2189 4764 2348 4835 triae,
2375 4761 2488 4825 sed
2518 4760 2823 4839 inferiori,
2852 4762 2917 4825 id
2944 4768 3062 4839 eet,
3085 4776 3212 4825 non
3237 4778 3382 4825 esee
3412 4762 3735 4844 petendum
3850 4756 3852 4759 ’

2190 4856 2272 4919 ab
2301 4856 2689 4919 humanitate
2717 4852 2944 4921 Christi
2985 4862 3054 4919 ut
3085 4870 3204 4919 noa
3238 4855 3627 4933 sanctificet,
3653 4854 3736 4917 vel

2189 4948 2311 5011 alia
2343 4949 2510 5011 dona
2538 4950 2755 5030 gratim
2785 4950 3092 5026 conferat,
3145 4949 3265 5013 aed
3303 4953 3374 5013 ut
3422 4966 3542 5031 pro
3577 4949 3736 5011 nobis

2189 5040 2576 5115 intercedam
2603 5044 2724 5105 hoc
2753 5050 2963 5109 entem
2995 5044 3272 5107 alienam
3303 5046 3403 5107 est
3431 5042 3516 5107 ab
3547 5042 3733 5108 Eccle-

2191 5134 2298 5199 siue
2331 5134 2808 5199 consuetudine.

2269 5228 2369 5295 22.
2429 5226 2758 5312 Uer-tueque
2783 5232 3080 5297 modetia.
3105 5258 3190 5281 ι·-
3205 5230 3303 5295 Ad
3333 5232 3604 5312 priorem
3627 5228 3730 5293 dit·-

547 5330 673 5396 tur,
720 5336 939 5383 revera
985 5324 1279 5386 adoratur
1322 5320 1540 5389 Clu-isti
1580 5325 1939 5389 humanitas
1973 5340 2108 5405 pro-
2185 5324 2528 5388 ficultntem
2555 5325 2972 5403 respondetur
2999 5322 3294 5407 negando
3331 5332 3722 5405 assumptum,

548 5422 691 5497 pter
752 5430 1064 5478 summam
1128 5416 1564 5481 excellentiam
1614 5432 1807 5499 quam
1858 5418 2050 5483 habet
2085 5470 2100 5496 ,
2185 5416 2350 5483 etad
2373 5414 2810 5499 probationem
2832 5414 3098 5497 dicitur,
3120 5418 3288 5483 hauc
3311 5418 3723 5483 adorationem

544 5521 774 5589 nempe
802 5514 1061 5590 propter
1080 5511 1346 5591 gratiam
1366 5512 1637 5590 unionis,
1652 5528 1781 5593 qna
1805 5512 1982 5579 nulla
2005 5516 2104 5579 est
2181 5510 2466 5593 proxime
2489 5508 2740 5579 madert
2765 5511 2836 5575 in
2860 5513 3100 5579 unione
3121 5518 3184 5579 et
3210 5509 3604 5579 deificatione
3621 5510 3720 5577 hu-
