3892 6167
1395 335 1714 390 nismTAT.
1770 335 1848 392 Li.
1884 336 2055 392 SEGT.
2090 341 2152 392 ss.

73 431 380 511 §eque
406 436 578 497 enim
607 435 758 496 satis
785 440 881 497 est
915 434 966 496 ei
995 437 1136 518 quis
1182 435 1587 516 respondeat,
1617 455 1731 518 per

73 532 376 590 retum
401 529 540 591 fleri
569 535 782 590 actum
816 529 1141 591 materiam
1181 529 1527 611 religioniS‚
1580 531 1730 612 quia

73 618 156 680 fit
203 621 546 686 debitum
586 623 738 697 Deo,
793 630 856 685 et
909 623 989 685 ad
1026 624 1397 704 religionem
1457 626 1731 705 pertinet

73 718 524 792 persolvere
551 719 684 780 Deo
711 717 958 791 debita3
989 735 1140 779 nam
1169 719 1236 780 in
1262 725 1408 781 voto
1453 737 1586 780 non
1625 736 1725 780 so-

73 807 254 868 lum
343 811 434 873 ad
485 811 859 892 religionem
912 818 1156 892 spectat
1206 812 1468 892 implere
1515 819 1726 876 aetum

73 901 246 976 fam
295 905 720 982 promissum,
749 906 860 967 sed
891 908 1082 967 etiarn
1111 905 1317 986 ipsum
1362 907 1728 986 promittere

73 1003 200 1056 est
275 1004 484 1060 actus
536 999 890 1080 relig-ioum
920 1005 1068 1062 ante
1098 999 1580 1080 promissionem
1609 1017 1729 1062 au-

73 1097 248 1150 tem
299 1109 450 1154 non
481 1100 614 1154 erat
639 1109 798 1172 opus
837 1093 1165 1166 debitum3
1209 1111 1360 1175 ergo
1404 1100 1548 1155 ante
1601 1095 1723 1156 tale

73 1182 446 1247 debitum
477 1187 664 1249 estin
705 1187 843 1266 ipso
889 1205 1082 1268 opere
1119 1187 1331 1267 aliqua
1379 1187 1720 1267 proporti0,

73 1283 164 1338 ut:
203 1281 456 1358 possit
485 1297 624 1342 esee
642 1282 906 1342 materia
931 1289 1108 1344 actus
1150 1281 1506 1362 relig-ioum
1543 1299 1721 1360 ergo,

74 1371 298 1435 sicut
344 1382 452 1438 est
477 1374 618 1436 talis
656 1375 920 1436 materia
938 1382 1230 1455 respectu
1257 1381 1434 1438 actus
1459 1375 1724 1455 promis-

74 1467 374 1544 sionis,
418 1468 510 1530 ita
558 1486 697 1532 esse
725 1471 941 1550 lpotest
982 1477 1268 1550 respectu
1305 1470 1548 1551 imperii
1611 1487 1721 1530 eeu

77 1561 526 1625 voluntariae
550 1563 870 1627 relationis
925 1566 989 1626 in
1024 1565 1334 1628 honorem
1377 1571 1442 1628 et
1485 1564 1723 1626 cultum

77 1658 268 1732 Dei,
307 1665 384 1720 et
407 1659 552 1720 haec
577 1659 710 1720 sine
748 1659 940 1721 dubio
971 1666 1066 1724 est
1093 1659 1402 1723 sententia
1441 1661 1515 1721 D.
1555 1659 1724 1721 Tho-

79 1766 283 1820 mae,
329 1751 742 1830 citatislocis,
775 1761 836 1816 et
863 1754 928 1816 in
959 1755 1080 1817 hac
1121 1756 1308 1817 etiam
1335 1753 1612 1836 generali
1643 1751 1726 1815 si-

86 1845 564 1922 gnificatione
593 1847 752 1911 solet
791 1849 1107 1912 interdum
1145 1850 1306 1912 sumi
1342 1847 1725 1912 adorationis

83 1955 412 2004 nomen.

201 2038 330 2098 31.
367 2039 454 2098 At
483 2053 656 2115 vero,
695 2037 744 2098 si
785 2037 1126 2118 loquamur
1165 2040 1436 2102 strictius
1461 2040 1544 2102 de
1574 2041 1724 2102 ado·

91 2131 402 2192 ratione
435 2149 550 2211 pro
581 2131 1038 2212 significatione
1056 2133 1374 2196 servitutis
1394 2134 1474 2194 ad
1496 2135 1719 2210 Deum,

95 2225 212 2284 sie
251 2241 410 2286 non
443 2224 688 2286 videtur
715 2226 975 2304 quilibet
1005 2233 1183 2288 actus
1207 2227 1452 2288 virtutis
1491 2228 1576 2288 ita
1616 2245 1722 2308 ap-

97 2327 232 2380 tus
269 2335 401 2379 seu
431 2321 937 2399 proportionatae
965 2321 1046 2382 ad
1075 2319 1470 2402 adorandum
1493 2323 1719 2398 Deum,

101 2413 319 2492 quod
355 2431 492 2474 non
519 2413 724 2474 solum
753 2420 849 2477 est
880 2431 1100 2476 verum
1129 2415 1208 2477 de
1252 2415 1491 2477 actibus
1517 2415 1720 2477 inter-

105 2509 262 2582 ηἰε,
301 2507 432 2570 sed
461 2509 650 2570 etiam
679 2510 762 2572 de
805 2512 1111 2584 externis3
1163 2511 1313 2590 qnia
1355 2511 1718 2591 hujusmodi

111 2602 469 2675 adoratio,
497 2607 566 2664 ut
586 2603 873 2679 diximus,
907 2603 978 2666 fit
1004 2623 1120 2686 per
1145 2610 1353 2666 actum
1385 2612 1716 2667 externum

107 2715 254 2758 seu
285 2697 702 2776 imperatum,
722 2703 1023 2777 tanquam
1052 2715 1168 2778 per
1193 2699 1446 2779 siguum
1475 2699 1556 2761 ad
1585 2699 1718 2780 pla-

111 2793 352 2852 citum
385 2792 504 2864 ;de
529 2792 712 2870 cujus
735 2793 980 2854 ratione
1008 2797 1123 2868 est,
1149 2798 1218 2854 ut
1247 2795 1716 2873 proportionem

111 2885 394 2946 habeat
441 2902 580 2944 curn
637 2885 1089 2964 sig-nificatIone
1121 2886 1200 2948 ad
1229 2904 1422 2966 quam
1451 2888 1717 2966 imponi-

115 2986 246 3042 tur
263 2996 288 3056 3
317 2978 459 3040 haec
497 2986 708 3040 autem
738 2980 1060 3059 proportio
1086 2980 1166 3041 ad
1194 2979 1359 3042 hanc
1386 2981 1718 3061 subjectio-

115 3089 302 3134 nem
339 3077 406 3134 et
441 3073 923 3135 submissionem
948 3073 1426 3154 ‘significandam
1455 3093 1582 3136 non
1617 3093 1717 3136 re·

119 3165 402 3243 peritur
452 3166 516 3226 in
560 3165 840 3241 quolibet
889 3169 1033 3228 actu
1077 3165 1370 3228 exteriori
1396 3211 1418 3242 ,
1469 3168 1715 3229 etiamsi

119 3257 308 3318 alias
339 3259 643 3320 honestus
667 3259 766 3331 sit,
789 3265 858 3321 ut
879 3277 997 3340 per
1029 3277 1098 3321 se
1129 3265 1349 3320 notum
1377 3260 1626 3321 videtur
1650 3263 1714 3321 in

123 3351 474 3413 solutione
503 3352 722 3426 debiti,
749 3353 815 3413 in
857 3359 1000 3415 actu
1033 3353 1418 3432 eutrapeliae,
1451 3359 1515 3415 et
1545 3353 1714 3414 simi-

117 3445 344 3506 libus„
387 3445 588 3524 Atque
617 3445 763 3508 hinc
797 3444 870 3507 fit
909 3452 981 3507 ut
1025 3446 1340 3507 interdum
1375 3453 1570 3521 actus,
1604 3449 1714 3526 qui

121 3557 266 3619 per
295 3555 370 3602 se
401 3557 533 3601 non
573 3546 814 3619 spectat
841 3539 924 3602 ad
950 3539 1134 3601 aliam
1163 3540 1483 3616 virtutem,
1515 3541 1714 3622 aptior

127 3633 228 3694 sit
264 3631 353 3694 ad
381 3633 576 3694 Deum
604 3633 1017 3708 adorandum,
1041 3651 1231 3713 quam
1257 3639 1428 3695 actus
1457 3633 1714 3696 alterius

123 3726 432 3803 virtuti53
455 3733 524 3789 ut
552 3735 952 3808 prosternere
978 3745 1070 3803 se,
1085 3728 1434 3790 deosculari
1453 3734 1710 3805 terram,

129 3823 368 3902 aptius
400 3823 602 3884 estad
629 3823 828 3884 Deum
869 3823 1262 3885 adorandum
1283 3865 1304 3897 ,
1335 3838 1528 3900 quam
1557 3829 1714 3884 tem-

127 3917 378 3996 perate
405 3916 762 3992 comedere,
784 3923 846 3978 et
871 3917 960 3978 sic
983 3915 1064 3978 de
1091 3915 1244 3977 aliis.
1271 3915 1402 3976 imo
1434 3913 1605 3976 addit
1639 3917 1707 3978 D.

127 4013 430 4070 Thomas
451 4056 471 4087 ,
505 4009 568 4070 in
603 4011 805 4087 tertio,
838 4010 951 4072 ubi
981 4029 1194 4090 supra,
1223 4010 1342 4071 hos
1374 4015 1572 4082 actus,
1605 4011 1712 4088 qui

130 4121 284 4164 non
336 4110 482 4165 sunt
525 4104 775 4185 proprie
815 4104 1082 4184 alicujus
1129 4104 1376 4164 virtutis
1421 4103 1711 4178 elicitive,

129 4213 294 4258 esse
331 4197 602 4258 maxime
629 4198 918 4276 proprios
947 4203 1124 4260 actus
1150 4196 1364 4269 latrlae,
1390 4209 1453 4257 et
1475 4197 1538 4256 in
1563 4201 1622 4258 2.
1647 4198 1709 4272 2,

129 4290 497 4370 quaestione
521 4293 622 4364 81,
642 4291 902 4353 articulo
925 4291 1153 4370 primo,
1177 4289 1258 4352 ad
1276 4291 1566 4371 primum,
1597 4291 1712 4351 hos

129 4387 334 4444 vocat
362 4389 534 4445 actus
563 4383 824 4460 elicitos,
856 4385 1016 4448 siout
1049 4383 1460 4464 auntflnquit)
1481 4385 1715 4462 sacrm-

135 4493 316 4548 σανα,
363 4479 637 4554 adorare,
679 4483 798 4540 etc.
818 4491 840 4557 3
879 4477 1052 4558 quod
1095 4476 1572 4557 intelligendum
1621 4483 1714 4538 est

131 4569 476 4631 moraliter
524 4576 586 4633 et
632 4577 920 4650 respectu
952 4571 1204 4633 habitus
1229 4571 1517 4644 virtutis,
1564 4587 1713 4630 nam

137 4663 433 4743 physice,
453 4669 514 4725 et
529 4669 816 4744 respectu
832 4665 1275 4746 potentiarum,
1297 4665 1486 4725 etiam
1503 4665 1602 4725 isti
1619 4681 1715 4725 ac-

139 4763 256 4820 tus
286 4761 430 4818 sunt
453 4759 740 4838 imperati
769 4777 806 4819 a
833 4759 1181 4831 voluntate;
1209 4775 1335 4819 non
1353 4758 1518 4818 enim
1549 4757 1715 4818 elicit

139 4851 446 4914 voluntas
466 4853 997 4931 genuflexionem,
1019 4851 1133 4914 sed
1153 4853 1418 4931 imperat
1441 4867 1552 4912 seu
1581 4867 1714 4912 mo·

136 4951 254 5007 vet
303 4946 649 5023 proximam
695 4947 1083 5009 facultatem.
1107 4945 1286 5009 Unde
1315 4962 1434 5006 nec
1460 4944 1703 5024 religio,

141 5055 292 5119 quae
324 5043 416 5100 est
442 5039 762 5122 dispositio
791 5040 1152 5114 voluntatis,
1174 5044 1377 5119 potest
1401 5038 1574 5100 illum
1603 5053 1708 5099 ac-

144 5141 286 5195 tum
315 5133 574 5213 physice
603 5135 854 5209 elicere,
883 5134 996 5195 aed
1037 5133 1371 5212 imperare.
1419 5131 1707 5193 Proxime

145 5243 304 5306 ergo
335 5226 504 5288 elicit
532 5229 822 5290 affectum
853 5227 1256 5300 adorationis,
1296 5232 1359 5288 et
1387 5225 1706 5288 mediante

147 5321 296 5404 isso,
339 5321 608 5402 imperat
655 5329 862 5384 actum
911 5321 1171 5385 alterius
1217 5321 1552 5401 potentiae,
1593 5335 1709 5400 per

150 5431 346 5496 quam
369 5413 436 5478 fit
469 5415 768 5480 adoratio.
798 5417 972 5490 Quod
997 5415 1048 5478 si
1075 5415 1396 5478 interdum
1425 5413 1704 5476 adoratio

149 5509 266 5569 fiat
293 5525 406 5588 per
425 5509 617 5574 alium
642 5517 850 5576 actum
881 5512 1076 5592 ipsius
1106 5509 1464 5586 voluntatis,
1491 5505 1608 5570 sub
1629 5525 1705 5570 ea

3252 340 3371 400 555

1811 439 2053 500 ratione
2085 440 2429 520 imperatus
2470 446 2585 512 est,
2616 441 2763 502 licet
2800 441 3035 520 alioqui
3080 445 3159 506 sit
3204 445 3369 507 elici-

1811 539 1906 594 tus
1928 551 1967 594 a
1990 535 2327 596 voluntate.
2352 535 2611 607 Quando
2630 553 2779 597 vero
2798 536 2941 598 talis
2960 543 3159 610 actua,
3178 539 3366 600 etiam

1809 628 1864 688 si
1891 628 1973 690 sit
2004 629 2262 691 alterius
2286 630 2597 710 potentiae,
2626 647 2705 691 ex
2730 647 2798 691 se
2827 647 2958 691 non
2984 631 3259 710 pertinet
3286 633 3366 694 ad

1809 721 1998 784 aliam
2042 723 2359 798 virtutem,
2404 723 2635 786 dicitur
2674 723 2917 786 elicitus
2960 741 3001 786 a
3034 725 3362 806 religione.

1807 816 1959 895 quia
2003 817 2365 880 immediate
2395 819 2595 879 oritur
2622 835 2701 879 ex
2737 818 2970 880 affectu
2998 819 3160 898 ejus,
3192 819 3364 881 nulla

1809 911 1932 971 alia
1984 911 2213 974 virtute
2261 913 2741 974 interveniente.
2790 913 3115 986 Quomodo
3175 913 3361 974 etiam

1807 1005 2031 1076 oratio,
2058 1021 2203 1084 quae
2234 1011 2331 1068 est
2360 1005 2423 1066 in
2449 1006 2788 1082 intellectu,
2820 1004 2939 1066 dici
2972 1005 3133 1068 solet
3158 1006 3365 1068 elicita

1795 1112 1845 1158 ’a
1873 1097 2200 1177 religione.
2234 1099 2311 1160 Et
2332 1100 2557 1162 eodem
2582 1101 2775 1163 modo
2800 1101 2951 1165 dicit
2976 1103 3051 1164 D.
3090 1099 3364 1162 Thomas

1801 1192 1995 1254 citato
2024 1191 2188 1266 loco,
2217 1191 2595 1255 sacrificium
2626 1211 2763 1257 esse
2792 1201 3003 1257 actum
3024 1194 3302 1256 elicitum
3325 1211 3362 1254 a

1806 1285 2135 1363 religione,
2162 1289 2227 1347 ot
2244 1285 2413 1348 idem
2440 1286 2591 1350 dicit
2616 1287 2697 1349 de
2716 1289 3111 1352 adoratione.
3136 1288 3253 1350 Ubi
3272 1287 3363 1349 vi-

1805 1379 1992 1440 detur
2008 1379 2391 1442 adorationis
2411 1397 2643 1444 nomen
2674 1382 2883 1445 adhuc
2910 1383 3179 1446 strictius
3196 1383 3364 1442 aum-

1803 1471 2033 1552 psisse,
2082 1488 2213 1534 non
2258 1474 2459 1535 solum
2502 1491 2615 1556 pro
2644 1475 2754 1538 illo
2782 1483 2925 1540 actu
2970 1475 3363 1549 reverentie,

1807 1569 1917 1646 qui
1945 1585 2023 1630 ex
2052 1585 2119 1629 se
2148 1585 2277 1630 non
2306 1567 2497 1630 habet
2536 1567 2725 1630 aliam
2764 1571 3162 1633 honestatem
3195 1569 3362 1650 prio-

1805 1677 1942 1724 rem
1972 1662 2304 1724 honestate
2347 1663 2553 1724 cultus
2577 1662 2901 1743 religionis
2942 1671 3007 1728 et
3048 1661 3364 1728 adoratio·-

1805 1757 1935 1828 nis;
1982 1771 2131 1816 nam
2186 1756 2307 1818 hoc
2354 1756 2542 1819 modo
2598 1758 2786 1819 etiam
2839 1756 3212 1820 sacrificium
3268 1762 3364 1817 est

1805 1849 2099 1930 quiedam
2144 1849 2454 1926 adoratio,
2503 1855 2569 1911 et
2608 1851 2675 1910 in
2722 1852 3043 1931 Scriptura
3078 1851 3165 1912 ita
3196 1865 3362 1930 soepc

1807 1943 2181 2023 appellatur,
2201 1949 2271 2004 ut
2286 1943 2434 2006 alibi
2452 1943 2639 2005 latius
2658 1943 2845 2006 tradit
2867 1961 2883 2017 3
2912 1944 3021 2007 sed
3040 1943 3230 2006 sumit
3248 1961 3361 2023 pro

1807 2035 2174 2098 adoratione
2196 2036 2321 2109 illa,
2340 2053 2481 2117 qum·
2500 2043 2749 2098 tantum
2776 2037 2849 2099 fit
2866 2037 3089 2118 aliqua
3112 2035 3361 2098 actione

1803 2129 2099 2208 hominis,
2126 2147 2267 2209 quae
2292 2145 2412 2192 nec
2440 2131 2604 2192 circa
2630 2131 2962 2194 materiam
2984 2130 3359 2192 exteriorem

1802 2230 2108 2301 versatur,
2134 2224 2249 2286 sed
2286 2223 2451 2286 circa
2480 2225 2750 2305 ipsamet
2778 2225 3053 2287 hominis
3076 2223 3363 2286 membra

1803 2317 1902 2379 vel
1931 2317 2267 2397 potentiae,
2295 2333 2415 2378 nec
2444 2335 2521 2379 ex
2550 2337 2621 2380 se
2648 2318 2841 2380 habet
2868 2317 3055 2378 aliam
3080 2317 3358 2398 priorem

1800 2412 2220 2473 honestatem.
2246 2413 2436 2474 Actus
2458 2411 2649 2487 enim,
2671 2411 2781 2492 qui
2801 2411 2993 2473 habet
3004 2410 3193 2472 aliam
3216 2425 3359 2489 pro·

1799 2505 2003 2584 priam
2038 2504 2315 2583 speciem
2357 2505 2623 2581 virtutis,
2668 2506 2961 2586 quamvis
2986 2521 3100 2583 per
3126 2502 3359 2566 extrin-

1799 2613 2009 2658 secam
2058 2597 2453 2672 relationem,
2506 2603 2570 2658 et
2612 2597 2970 2676 imperium,
3018 2595 3101 2658 ad
3128 2613 3359 2656 munus

1799 2690 2183 2752 adorationis
2214 2696 2593 2765 assumatur,
2618 2708 2750 2752 non
2784 2690 3015 2753 amittit
3034 2687 3357 2771 propriam

1801 2784 2075 2864 speciem
2121 2783 2386 2857 virtutis,
2428 2803 2467 2844 a
2514 2801 2639 2863 qna
2690 2783 3050 2864 simpliciter
3078 2780 3357 2844 denomi-

1799 2883 2010 2954 natur,
2041 2877 2211 2952 licet,
2251 2883 2316 2938 ut
2344 2876 2560 2940 subest
2586 2877 2849 2956 imperio
2876 2875 3224 2956 religionis,
3248 2891 3357 2935 ve-

1795 2991 1868 3034 ra
1897 2975 1977 3036 sit
2004 2973 2309 3034 adoratiO.

1879 3069 1978 3128 32.
2016 3066 2112 3127 Ad
2146 3067 2489 3128 secundam
2512 3067 3077 3143 confirmationem,
3095 3081 3237 3146 quoe
3254 3081 3359 3126 eu·

1795 3159 2089 3222 mebatur
2129 3177 2206 3220 ex
2230 3160 2379 3222 vitio
2408 3162 2720 3222 contrario
2770 3161 3143 3235 adorationi,
3175 3159 3357 3222 abeo-

1795 3253 1926 3314 lnte
1954 3252 2273 3332 loquendo
2316 3253 2547 3315 falsum
2578 3262 2673 3316 est
2710 3255 2881 3332 quod
2936 3256 3001 3316 in
3042 3255 3149 3316 illa
3176 3271 3356 3316 assu-

1795 3349 2013 3422 mitur,
2040 3348 2105 3407 in
2134 3348 2269 3409 solo
2306 3353 2449 3410 actu
2476 3349 2755 3410 interiori
2808 3366 2938 3409 non
2976 3367 3160 3428 posse
3206 3365 3356 3410 con·

1797 3457 1866 3501 su
1875 3441 2098 3502 mmari
2126 3441 2427 3502 malitiam
2439 3441 2788 3503 adorationi
2814 3443 2946 3504 Deo
2962 3441 3185 3504 debitae
3204 3459 3355 3504 con-

1797 3535 2053 3596 trariam
2064 3549 2085 3612 3
2130 3551 2303 3610 nam,
2332 3535 2497 3596 sicut
2523 3549 2651 3596 non
2707 3541 3023 3615 repugnat
3075 3536 3352 3597 interiori

1795 3628 1961 3690 actui
1990 3628 2139 3690 fidei
2176 3630 2471 3710 conjungi
2508 3629 2907 3690 honestatem
2946 3628 3351 3706 adorationis,

1795 3723 1880 3784 ita
1909 3741 2043 3785 non
2062 3723 2445 3802 repugnabit
2462 3723 2743 3785 interiori
2772 3723 2945 3784 actui
2972 3721 3353 3786 infidelitatis

1793 3819 1896 3880 vel
1923 3819 2185 3880 haeresis
2222 3819 2519 3899 conjungi
2566 3818 2870 3880 malitiam
2926 3817 3260 3898 sacrilegii,
3292 3823 3355 3879 et

1796 3914 1886 3976 sic
1919 3913 1999 3976 de
2028 3913 2189 3990 aliie,
2224 3913 2272 3974 si
2326 3914 2547 3975 eadem
2601 3914 2919 3994 proportio
2960 3912 3348 3989 observetur,

1796 4008 2119 4084 nimirum,
2150 4007 2321 4086 quod
2348 4007 2452 4068 ille
2506 4013 2681 4069 actus
2727 4024 2804 4068 ex
2840 4007 2945 4068 tali
3002 4007 3351 4069 intentione

1793 4102 1894 4162 vel
1919 4099 2185 4180 imperio
2208 4100 2342 4175 fiat,
2370 4099 2539 4180 quod
2566 4101 2643 4161 ad
2666 4098 2966 4160 malitiam
2996 4099 3167 4160 illam
3189 4116 3354 4160 com·

1794 4193 2245 4255 municandam
2276 4193 2564 4255 sufficiat.
2628 4194 2819 4255 Actus
2860 4193 3031 4254 enim
3073 4191 3349 4268 haeresis,

1795 4287 1971 4348 verbi
1982 4289 2204 4367 gratia,
2230 4287 2331 4349 vel
2342 4286 2471 4349 odii
2488 4287 2624 4360 Dei,
2649 4305 2726 4349 ex
2744 4304 2811 4348 se
2828 4285 3019 4348 habet
3035 4287 3242 4366 prop-ri
3250 4303 3350 4346 am

1794 4379 2097 4443 malitiam
2152 4381 2663 4461 inseparabilem,
2722 4397 3097 4461 quacunque
3148 4381 3354 4442 inten-

1796 4476 1967 4537 tione
1992 4475 2095 4536 vel
2126 4475 2335 4536 animo
2372 4475 2515 4549 flat3
2565 4479 2769 4556 potest
2818 4492 2969 4538 vero
3020 4475 3349 4555 superbiae,

1797 4569 1922 4646 irae,
1959 4575 2065 4632 aut
2092 4569 2351 4631 alterius
2380 4569 2599 4631 similis
2621 4570 2751 4632 vitii
2769 4569 3074 4633 malitiam
3102 4569 3352 4648 partici-

1795 4679 1971 4742 pare,
1998 4661 2049 4723 si
2079 4681 2153 4724 ex
2174 4663 2312 4742 ejus
2340 4661 2603 4743 imperio
2652 4669 2715 4725 et
2744 4661 3047 4724 relatione
3084 4661 3214 4723 fiat.
3252 4661 3352 4722 Sic

1797 4775 1949 4836 ergo
1993 4757 2053 4816 in
2086 4763 2229 4818 actu
2262 4753 2516 4820 hoeresis
2564 4763 2771 4838 potest
2815 4755 3073 4836 reperiri
3114 4755 3351 4816 malitia

1795 4851 2105 4912 contraria
2134 4851 2417 4913 honestae
2470 4851 2838 4925 adorationi,
2877 4851 2927 4911 si
2970 4849 3111 4929 quis
3164 4850 3350 4911 talem

1789 4951 1999 5006 aetum
2032 4953 2319 5008 exerceat
2346 4946 2694 5009 intentione
2719 4951 2827 5006 aut
2847 4943 3093 5007 colendi
3124 4945 3348 5016 Deum,

1789 5044 1897 5100 aut
1927 5038 2273 5101 intentione
2304 5039 2625 5102 tribuendi
2654 5039 2833 5100 alteri
2875 5055 3067 5118 quam
3094 5039 3223 5100 Deo
3245 5037 3355 5099 ho-

1787 5149 2011 5194 norem
2038 5133 2153 5194 soli
2175 5135 2305 5196 Deo
2334 5134 2610 5196 debitum
2640 5155 2658 5208 3
2689 5137 2760 5194 ut
2786 5132 2841 5194 si
2873 5132 3014 5212 quis
3048 5131 3356 5193 existimet

1787 5227 1870 5288 ad
1889 5227 2323 5290 excellentiam
2359 5227 2471 5290 Dei
2503 5227 2821 5307 pertinere
2853 5233 2922 5288 ut
2951 5243 3077 5285 una
3108 5229 3351 5286 tantum

1786 5321 1852 5382 in
1870 5337 1946 5380 eo
1968 5320 2047 5382 sit
2062 5337 2350 5400 persona,
2374 5326 2440 5381 et
2458 5337 2596 5380 eam
2624 5319 2817 5381 fidem
2838 5323 3149 5392 exerceat,
3174 5323 3235 5377 et
3254 5333 3351 5376 se·

1785 5428 1930 5475 cum
1954 5414 2283 5495 recogitet,
2306 5413 2517 5476 animo
2538 5411 2855 5476 exaltandi
2876 5412 3042 5473 intra
3071 5427 3139 5472 se
3184 5407 3347 5472 divi-

1785 5523 1936 5570 nam
1961 5506 2421 5583 excellentiam,
2454 5506 2571 5570 erit
2596 5523 2723 5568 non
2750 5505 2953 5567 solnm
2992 5503 3348 5579 hau-eticae,
