<?xml version="1.0" encoding="UTF-8"?>
<!DOCTYPE html PUBLIC "-//W3C//DTD XHTML 1.0 Transitional//EN"
    "http://www.w3.org/TR/xhtml1/DTD/xhtml1-transitional.dtd">
<html xmlns="http://www.w3.org/1999/xhtml" xml:lang="en" lang="en">
 <head>
  <title>
</title>
<meta http-equiv="Content-Type" content="text/html;charset=utf-8" />
  <meta name='ocr-system' content='tesseract 3.04.00' />
  <meta name='ocr-capabilities' content='ocr_page ocr_carea ocr_par ocr_line ocrx_word'/>
</head>
<body>
  <div class='ocr_page' id='page_1' title='image "./rpfranciscisuar00unkngoog_0724.png"; bbox 0 0 3892 6167; ppageno 0'>
   <div class='ocr_carea' id='block_1_1' title="bbox 483 322 603 384">
    <p class='ocr_par' dir='ltr' id='par_1_1' title="bbox 483 322 603 384">
     <span class='ocr_line' id='line_1_1' title="bbox 483 322 603 384; baseline 0.017 -2"><span class='ocrx_word' id='word_1_1' title='bbox 483 322 603 384; x_wconf 81' lang='lat'>706</span> 
     </span>
    </p>
   </div>
   <div class='ocr_carea' id='block_1_2' title="bbox 480 423 2050 1090">
    <p class='ocr_par' dir='ltr' id='par_1_2' title="bbox 480 423 2050 1090">
     <span class='ocr_line' id='line_1_2' title="bbox 545 423 2045 510; baseline -0.005 -33"><span class='ocrx_word' id='word_1_2' title='bbox 545 423 722 510; x_wconf 76' lang='lat' dir='ltr'>potuit</span> <span class='ocrx_word' id='word_1_3' title='bbox 769 425 909 476; x_wconf 88' lang='lat' dir='ltr'>Deus</span> <span class='ocrx_word' id='word_1_4' title='bbox 955 423 1027 476; x_wconf 87' lang='lat' dir='ltr'>ita</span> <span class='ocrx_word' id='word_1_5' title='bbox 1079 425 1442 488; x_wconf 68' lang='lat' dir='ltr'>congruenter</span> <span class='ocrx_word' id='word_1_6' title='bbox 1479 428 1700 472; x_wconf 89' lang='lat' dir='ltr'>carnem</span> <span class='ocrx_word' id='word_1_7' title='bbox 1751 429 2045 482; x_wconf 81' lang='lat' dir='ltr'>assumere,</span> 
     </span>
     <span class='ocr_line' id='line_1_3' title="bbox 483 499 2049 637; baseline -0.006 -7"><span class='ocrx_word' id='word_1_8' title='bbox 483 499 736 630; x_wconf 52' lang='lat' dir='ltr'>N(31111›⁰fuit</span> <span class='ocrx_word' id='word_1_9' title='bbox 760 575 932 626; x_wconf 90' lang='lat' dir='ltr'>electa</span> <span class='ocrx_word' id='word_1_10' title='bbox 962 573 1019 626; x_wconf 90' lang='lat' dir='ltr'>in</span> <span class='ocrx_word' id='word_1_11' title='bbox 1047 574 1140 628; x_wconf 85' lang='lat' dir='ltr'>Dei</span> <span class='ocrx_word' id='word_1_12' title='bbox 1176 579 1404 626; x_wconf 88' lang='lat' dir='ltr'>matrem</span> <span class='ocrx_word' id='word_1_13' title='bbox 1431 584 1495 624; x_wconf 86' lang='lat' dir='ltr'>ex</span> <span class='ocrx_word' id='word_1_14' title='bbox 1525 569 1769 637; x_wconf 71' lang='lat' dir='ltr'><strong>praevisis</strong></span> <span class='ocrx_word' id='word_1_15' title='bbox 1803 569 2012 622; x_wconf 86' lang='lat' dir='ltr'>meritis</span> <span class='ocrx_word' id='word_1_16' title='bbox 2036 610 2049 632; x_wconf 94' lang='lat'>,</span> 
     </span>
     <span class='ocr_line' id='line_1_4' title="bbox 545 645 2050 712; baseline -0.005 -8"><span class='ocrx_word' id='word_1_17' title='bbox 545 651 642 704; x_wconf 90' lang='lat' dir='ltr'>sed</span> <span class='ocrx_word' id='word_1_18' title='bbox 666 650 724 702; x_wconf 90' lang='lat' dir='ltr'>in</span> <span class='ocrx_word' id='word_1_19' title='bbox 752 649 1068 704; x_wconf 75' lang='lat' dir='ltr'><strong>executione</strong></span> <span class='ocrx_word' id='word_1_20' title='bbox 1091 649 1292 704; x_wconf 89' lang='lat' dir='ltr'>meruit</span> <span class='ocrx_word' id='word_1_21' title='bbox 1312 645 1462 701; x_wconf 89' lang='lat' dir='ltr'>illam</span> <span class='ocrx_word' id='word_1_22' title='bbox 1486 645 1807 712; x_wconf 84' lang='lat' dir='ltr'>(lignitatem</span> <span class='ocrx_word' id='word_1_23' title='bbox 1833 658 1930 712; x_wconf 86' lang='lat' dir='ltr'>per</span> <span class='ocrx_word' id='word_1_24' title='bbox 1952 659 2050 698; x_wconf 86' lang='lat' dir='ltr'>sua</span> 
     </span>
     <span class='ocr_line' id='line_1_5' title="bbox 482 730 1758 864; baseline -0.002 -12"><span class='ocrx_word' id='word_1_25' title='bbox 482 730 927 858; x_wconf 46' lang='lat' dir='ltr'>veti-{egeitsujet</span> <span class='ocrx_word' id='word_1_26' title='bbox 948 807 1030 856; x_wconf 90' lang='lat' dir='ltr'>est</span> <span class='ocrx_word' id='word_1_27' title='bbox 1055 807 1226 856; x_wconf 86' lang='lat' dir='ltr'>mater</span> <span class='ocrx_word' id='word_1_28' title='bbox 1256 799 1438 864; x_wconf 82' lang='lat' dir='ltr'>Verbi,</span> <span class='ocrx_word' id='word_1_29' title='bbox 1457 799 1511 852; x_wconf 90' lang='lat' dir='ltr'>d.</span> <span class='ocrx_word' id='word_1_30' title='bbox 1540 803 1620 863; x_wconf 79' lang='lat'>36,</span> <span class='ocrx_word' id='word_1_31' title='bbox 1641 811 1686 852; x_wconf 88' lang='lat' dir='ltr'>s.</span> <span class='ocrx_word' id='word_1_32' title='bbox 1711 803 1758 850; x_wconf 88' lang='grc'>1.</span> 
     </span>
     <span class='ocr_line' id='line_1_6' title="bbox 480 873 2047 963; baseline -0.004 -31"><span class='ocrx_word' id='word_1_33' title='bbox 480 878 600 963; x_wconf 80' lang='lat' dir='ltr'>Non</span> <span class='ocrx_word' id='word_1_34' title='bbox 635 883 717 932; x_wconf 88' lang='lat' dir='ltr'>est</span> <span class='ocrx_word' id='word_1_35' title='bbox 754 877 1037 932; x_wconf 88' lang='lat' dir='ltr'>adoranda</span> <span class='ocrx_word' id='word_1_36' title='bbox 1073 876 1389 930; x_wconf 76' lang='lat' dir='ltr'>adoratione</span> <span class='ocrx_word' id='word_1_37' title='bbox 1423 875 1612 940; x_wconf 85' lang='lat' dir='ltr'>latriae,</span> <span class='ocrx_word' id='word_1_38' title='bbox 1647 875 1744 928; x_wconf 89' lang='lat' dir='ltr'>sed</span> <span class='ocrx_word' id='word_1_39' title='bbox 1775 873 2047 940; x_wconf 78' lang='lat' dir='ltr'>hyperdu-</span> 
     </span>
     <span class='ocr_line' id='line_1_7' title="bbox 483 953 2047 1090; baseline -0.003 -10"><span class='ocrx_word' id='word_1_40' title='bbox 483 953 740 1082; x_wconf 47' lang='lat' dir='ltr'>cssssaefioss</span> <span class='ocrx_word' id='word_1_41' title='bbox 769 956 1004 1082; x_wconf 53' lang='grc' dir='ltr'><strong>5(ιῖἒέὼῖ</strong></span> <span class='ocrx_word' id='word_1_42' title='bbox 1023 1026 1287 1080; x_wconf 76' lang='lat' dir='ltr'>naturalis</span> <span class='ocrx_word' id='word_1_43' title='bbox 1317 1027 1411 1080; x_wconf 79' lang='lat' dir='ltr'>nei</span> <span class='ocrx_word' id='word_1_44' title='bbox 1446 1025 1591 1086; x_wconf 84' lang='lat' dir='ltr'>filia.</span> <span class='ocrx_word' id='word_1_45' title='bbox 1631 1024 1758 1078; x_wconf 73' lang='lat' dir='ltr'>lieet</span> <span class='ocrx_word' id='word_1_46' title='bbox 1793 1022 2047 1090; x_wconf 81' lang='lat' dir='ltr'>dignitati</span> 
     </span>
    </p>
   </div>
   <div class='ocr_carea' id='block_1_3' title="bbox 544 1100 2047 1232">
    <p class='ocr_par' dir='ltr' id='par_1_3' title="bbox 544 1100 2047 1232">
     <span class='ocr_line' id='line_1_8' title="bbox 544 1100 2047 1172; baseline -0.004 -15"><span class='ocrx_word' id='word_1_47' title='bbox 544 1101 723 1157; x_wconf 76' lang='lat' dir='ltr'>Matris</span> <span class='ocrx_word' id='word_1_48' title='bbox 755 1103 1185 1172; x_wconf 68' lang='lat' dir='ltr'>connaturaliter</span> <span class='ocrx_word' id='word_1_49' title='bbox 1223 1102 1407 1156; x_wconf 83' lang='lat' dir='ltr'>debita</span> <span class='ocrx_word' id='word_1_50' title='bbox 1449 1101 1615 1156; x_wconf 76' lang='lat' dir='ltr'>fuerit</span> <span class='ocrx_word' id='word_1_51' title='bbox 1659 1100 1858 1167; x_wconf 81' lang='lat' dir='ltr'>gratia,</span> <span class='ocrx_word' id='word_1_52' title='bbox 1887 1100 1942 1153; x_wconf 89' lang='lat' dir='ltr'>d.</span> <span class='ocrx_word' id='word_1_53' title='bbox 1968 1103 2047 1164; x_wconf 73' lang='grc'>49,</span> 
     </span>
     <span class='ocr_line' id='line_1_9' title="bbox 545 1184 657 1232; baseline 0 0"><span class='ocrx_word' id='word_1_54' title='bbox 545 1193 589 1232; x_wconf 82' lang='lat' dir='ltr'>S.</span> <span class='ocrx_word' id='word_1_55' title='bbox 612 1184 657 1232; x_wconf 79' lang='lat'>2.</span> 
     </span>
    </p>
   </div>
   <div class='ocr_carea' id='block_1_4' title="bbox 1155 1289 1385 1328">
    <p class='ocr_par' dir='ltr' id='par_1_4' title="bbox 1155 1289 1385 1328">
     <span class='ocr_line' id='line_1_10' title="bbox 1155 1289 1385 1328; baseline -0.004 0"><span class='ocrx_word' id='word_1_56' title='bbox 1155 1289 1385 1328; x_wconf 66' lang='lat' dir='ltr'>nuum.</span> 
     </span>
    </p>
   </div>
   <div class='ocr_carea' id='block_1_5' title="bbox 484 1403 2056 2006">
    <p class='ocr_par' dir='ltr' id='par_1_5' title="bbox 484 1403 2055 1623">
     <span class='ocr_line' id='line_1_11' title="bbox 484 1403 2055 1472; baseline -0.001 -14"><span class='ocrx_word' id='word_1_57' title='bbox 484 1405 701 1458; x_wconf 72' lang='lat' dir='ltr'>Materia</span> <span class='ocrx_word' id='word_1_58' title='bbox 725 1403 906 1472; x_wconf 89' lang='lat' dir='ltr'>prima</span> <span class='ocrx_word' id='word_1_59' title='bbox 931 1404 1136 1458; x_wconf 85' lang='lat' dir='ltr'>assumi</span> <span class='ocrx_word' id='word_1_60' title='bbox 1165 1409 1339 1471; x_wconf 85' lang='lat' dir='ltr'>potest</span> <span class='ocrx_word' id='word_1_61' title='bbox 1362 1404 1484 1456; x_wconf 91' lang='lat' dir='ltr'>sine</span> <span class='ocrx_word' id='word_1_62' title='bbox 1512 1403 1710 1470; x_wconf 77' lang='lat' dir='ltr'>forma,</span> <span class='ocrx_word' id='word_1_63' title='bbox 1735 1409 1896 1470; x_wconf 86' lang='lat' dir='ltr'>atque</span> <span class='ocrx_word' id='word_1_64' title='bbox 1915 1404 2055 1458; x_wconf 87' lang='lat' dir='ltr'>adeo</span> 
     </span>
     <span class='ocr_line' id='line_1_12' title="bbox 547 1479 1972 1547; baseline -0.001 -13"><span class='ocrx_word' id='word_1_65' title='bbox 547 1481 669 1536; x_wconf 86' lang='lat' dir='ltr'>sine</span> <span class='ocrx_word' id='word_1_66' title='bbox 702 1487 895 1535; x_wconf 87' lang='lat' dir='ltr'>natura</span> <span class='ocrx_word' id='word_1_67' title='bbox 920 1479 1132 1546; x_wconf 84' lang='lat' dir='ltr'>integra</span> <span class='ocrx_word' id='word_1_68' title='bbox 1152 1485 1314 1546; x_wconf 82' lang='lat' dir='ltr'>atque</span> <span class='ocrx_word' id='word_1_69' title='bbox 1338 1481 1625 1547; x_wconf 88' lang='lat' dir='ltr'>completa,</span> <span class='ocrx_word' id='word_1_70' title='bbox 1654 1480 1709 1534; x_wconf 90' lang='grc'>(1.</span> <span class='ocrx_word' id='word_1_71' title='bbox 1748 1483 1826 1545; x_wconf 77' lang='lat' dir='ltr'>tt,</span> <span class='ocrx_word' id='word_1_72' title='bbox 1852 1494 1895 1534; x_wconf 89' lang='lat' dir='ltr'>s.</span> <span class='ocrx_word' id='word_1_73' title='bbox 1924 1487 1972 1532; x_wconf 81' lang='lat'>3.</span> 
     </span>
     <span class='ocr_line' id='line_1_13' title="bbox 484 1557 2053 1623; baseline -0.001 -11"><span class='ocrx_word' id='word_1_74' title='bbox 484 1559 653 1612; x_wconf 85' lang='lat' dir='ltr'>llabet</span> <span class='ocrx_word' id='word_1_75' title='bbox 679 1571 839 1614; x_wconf 88' lang='lat' dir='ltr'>suum</span> <span class='ocrx_word' id='word_1_76' title='bbox 867 1563 1052 1614; x_wconf 85' lang='lat' dir='ltr'>actum</span> <span class='ocrx_word' id='word_1_77' title='bbox 1079 1557 1450 1623; x_wconf 82' lang='lat' dir='ltr'>entitativum,</span> <span class='ocrx_word' id='word_1_78' title='bbox 1485 1563 1540 1614; x_wconf 89' lang='lat' dir='ltr'>et</span> <span class='ocrx_word' id='word_1_79' title='bbox 1565 1557 1689 1612; x_wconf 89' lang='lat' dir='ltr'>sine</span> <span class='ocrx_word' id='word_1_80' title='bbox 1716 1557 1894 1612; x_wconf 78' lang='lat' dir='ltr'>forma</span> <span class='ocrx_word' id='word_1_81' title='bbox 1918 1569 2053 1612; x_wconf 91' lang='lat' dir='ltr'>con-</span> 
     </span>
    </p>

    <p class='ocr_par' dir='ltr' id='par_1_6' title="bbox 547 1636 1076 1704">
     <span class='ocr_line' id='line_1_14' title="bbox 547 1636 1076 1704; baseline -0.002 -14"><span class='ocrx_word' id='word_1_82' title='bbox 547 1637 751 1691; x_wconf 88' lang='lat' dir='ltr'>servari</span> <span class='ocrx_word' id='word_1_83' title='bbox 772 1641 964 1704; x_wconf 88' lang='lat' dir='ltr'>potest,</span> <span class='ocrx_word' id='word_1_84' title='bbox 999 1636 1076 1689; x_wconf 87' lang='lat' dir='ltr'>ib.</span> 
     </span>
    </p>

    <p class='ocr_par' dir='ltr' id='par_1_7' title="bbox 484 1709 2056 1930">
     <span class='ocr_line' id='line_1_15' title="bbox 484 1709 2056 1780; baseline -0.001 -12"><span class='ocrx_word' id='word_1_85' title='bbox 484 1711 704 1768; x_wconf 72' lang='lat' dir='ltr'>Materia</span> <span class='ocrx_word' id='word_1_86' title='bbox 735 1717 816 1766; x_wconf 89' lang='lat' dir='ltr'>est</span> <span class='ocrx_word' id='word_1_87' title='bbox 849 1718 1068 1780; x_wconf 83' lang='lat' dir='ltr'>propter</span> <span class='ocrx_word' id='word_1_88' title='bbox 1093 1712 1326 1767; x_wconf 82' lang='lat' dir='ltr'>sormam</span> <span class='ocrx_word' id='word_1_89' title='bbox 1359 1718 1414 1766; x_wconf 87' lang='lat' dir='ltr'>et</span> <span class='ocrx_word' id='word_1_90' title='bbox 1441 1711 1488 1766; x_wconf 89' lang='lat' dir='ltr'>si</span> <span class='ocrx_word' id='word_1_91' title='bbox 1523 1709 1710 1778; x_wconf 84' lang='lat' dir='ltr'>aliquo</span> <span class='ocrx_word' id='word_1_92' title='bbox 1733 1712 1897 1766; x_wconf 89' lang='lat' dir='ltr'>modo</span> <span class='ocrx_word' id='word_1_93' title='bbox 1919 1711 2056 1766; x_wconf 86' lang='lat' dir='ltr'>sub·</span> 
     </span>
     <span class='ocr_line' id='line_1_16' title="bbox 549 1785 2021 1854; baseline -0.001 -14"><span class='ocrx_word' id='word_1_94' title='bbox 549 1787 706 1850; x_wconf 89' lang='lat' dir='ltr'>sistit,</span> <span class='ocrx_word' id='word_1_95' title='bbox 742 1789 919 1842; x_wconf 87' lang='lat' dir='ltr'>solum</span> <span class='ocrx_word' id='word_1_96' title='bbox 943 1795 1023 1842; x_wconf 89' lang='lat' dir='ltr'>est</span> <span class='ocrx_word' id='word_1_97' title='bbox 1048 1795 1111 1843; x_wconf 90' lang='lat' dir='ltr'>ut</span> <span class='ocrx_word' id='word_1_98' title='bbox 1135 1789 1438 1854; x_wconf 82' lang='lat' dir='ltr'>subjectum</span> <span class='ocrx_word' id='word_1_99' title='bbox 1475 1787 1683 1851; x_wconf 78' lang='lat' dir='ltr'>sormae,</span> <span class='ocrx_word' id='word_1_100' title='bbox 1713 1785 1768 1842; x_wconf 90' lang='lat' dir='ltr'>d.</span> <span class='ocrx_word' id='word_1_101' title='bbox 1798 1791 1880 1852; x_wconf 77' lang='grc'>15,</span> <span class='ocrx_word' id='word_1_102' title='bbox 1903 1803 1947 1840; x_wconf 88' lang='lat' dir='ltr'>s.</span> <span class='ocrx_word' id='word_1_103' title='bbox 1974 1793 2021 1838; x_wconf 83' lang='lat'>8.</span> 
     </span>
     <span class='ocr_line' id='line_1_17' title="bbox 486 1862 2054 1930; baseline -0.001 -13"><span class='ocrx_word' id='word_1_104' title='bbox 486 1863 644 1918; x_wconf 83' lang='lat' dir='ltr'><strong>Prius</strong></span> <span class='ocrx_word' id='word_1_105' title='bbox 676 1870 868 1918; x_wconf 90' lang='lat' dir='ltr'>natura</span> <span class='ocrx_word' id='word_1_106' title='bbox 891 1865 1054 1918; x_wconf 79' lang='lat' dir='ltr'>habet</span> <span class='ocrx_word' id='word_1_107' title='bbox 1079 1877 1196 1919; x_wconf 88' lang='lat' dir='ltr'>esse</span> <span class='ocrx_word' id='word_1_108' title='bbox 1218 1879 1254 1918; x_wconf 89' lang='lat' dir='ltr'>a</span> <span class='ocrx_word' id='word_1_109' title='bbox 1272 1877 1434 1920; x_wconf 88' lang='lat' dir='ltr'>causa</span> <span class='ocrx_word' id='word_1_110' title='bbox 1454 1862 1650 1930; x_wconf 82' lang='lat' dir='ltr'>prima,</span> <span class='ocrx_word' id='word_1_111' title='bbox 1679 1877 1847 1930; x_wconf 87' lang='lat' dir='ltr'>quam</span> <span class='ocrx_word' id='word_1_112' title='bbox 1877 1862 2054 1916; x_wconf 72' lang='lat' dir='ltr'>infor-</span> 
     </span>
    </p>

    <p class='ocr_par' dir='ltr' id='par_1_8' title="bbox 551 1941 1301 2006">
     <span class='ocr_line' id='line_1_18' title="bbox 551 1941 1301 2006; baseline 0.005 -16"><span class='ocrx_word' id='word_1_113' title='bbox 551 1945 731 1993; x_wconf 86' lang='lat' dir='ltr'>metur</span> <span class='ocrx_word' id='word_1_114' title='bbox 755 1941 950 2003; x_wconf 78' lang='lat' dir='ltr'>forma,</span> <span class='ocrx_word' id='word_1_115' title='bbox 985 1941 1040 1994; x_wconf 91' lang='grc'>(1.</span> <span class='ocrx_word' id='word_1_116' title='bbox 1069 1946 1148 2006; x_wconf 87' lang='grc'>16,</span> <span class='ocrx_word' id='word_1_117' title='bbox 1178 1955 1222 1994; x_wconf 89' lang='lat' dir='ltr'>s.</span> <span class='ocrx_word' id='word_1_118' title='bbox 1255 1945 1301 1994; x_wconf 89' lang='grc'>1.</span> 
     </span>
    </p>
   </div>
   <div class='ocr_carea' id='block_1_6' title="bbox 485 2015 2052 2157">
    <p class='ocr_par' dir='ltr' id='par_1_9' title="bbox 485 2015 2052 2157">
     <span class='ocr_line' id='line_1_19' title="bbox 485 2015 2052 2144; baseline 0.001 -76"><span class='ocrx_word' id='word_1_119' title='bbox 485 2015 662 2144; x_wconf 57' lang='lat' dir='ltr'>Priius1</span> <span class='ocrx_word' id='word_1_120' title='bbox 667 2019 870 2143; x_wconf 48' lang='lat' dir='ltr'>{tatur-‘a</span> <span class='ocrx_word' id='word_1_121' title='bbox 907 2023 991 2072; x_wconf 88' lang='lat' dir='ltr'>est</span> <span class='ocrx_word' id='word_1_122' title='bbox 1022 2016 1352 2082; x_wconf 74' lang='lat' dir='ltr'>subsistenS,</span> <span class='ocrx_word' id='word_1_123' title='bbox 1386 2029 1551 2084; x_wconf 84' lang='lat' dir='ltr'>quam</span> <span class='ocrx_word' id='word_1_124' title='bbox 1580 2017 1802 2073; x_wconf 87' lang='lat' dir='ltr'>uniatur</span> <span class='ocrx_word' id='word_1_125' title='bbox 1835 2015 2052 2081; x_wconf 83' lang='lat' dir='ltr'>sormae,</span> 
     </span>
     <span class='ocr_line' id='line_1_20' title="bbox 593 2106 869 2157; baseline 0.011 -15"><span class='ocrx_word' id='word_1_126' title='bbox 593 2131 604 2142; x_wconf 92' lang='lat'>.</span> <span class='ocrx_word' id='word_1_127' title='bbox 705 2131 718 2157; x_wconf 95' lang='lat'>,</span> <span class='ocrx_word' id='word_1_128' title='bbox 747 2106 789 2144; x_wconf 90' lang='lat' dir='ltr'>s.</span> <span class='ocrx_word' id='word_1_129' title='bbox 856 2132 869 2145; x_wconf 95' lang='lat'>.</span> 
     </span>
    </p>
   </div>
   <div class='ocr_carea' id='block_1_7' title="bbox 485 2167 1852 2226">
    <p class='ocr_par' dir='ltr' id='par_1_10' title="bbox 485 2167 1852 2226">
     <span class='ocr_line' id='line_1_21' title="bbox 485 2167 1852 2226; baseline -0.001 -4"><span class='ocrx_word' id='word_1_130' title='bbox 485 2167 704 2222; x_wconf 66' lang='lat' dir='ltr'>Materia</span> <span class='ocrx_word' id='word_1_131' title='bbox 735 2169 933 2223; x_wconf 87' lang='lat' dir='ltr'>Christi</span> <span class='ocrx_word' id='word_1_132' title='bbox 959 2169 1016 2223; x_wconf 89' lang='lat' dir='ltr'>in</span> <span class='ocrx_word' id='word_1_133' title='bbox 1043 2169 1225 2226; x_wconf 88' lang='lat' dir='ltr'>triduo</span> <span class='ocrx_word' id='word_1_134' title='bbox 1249 2169 1353 2225; x_wconf 80' lang='lat' dir='ltr'>fuit</span> <span class='ocrx_word' id='word_1_135' title='bbox 1375 2170 1530 2226; x_wconf 86' lang='lat' dir='ltr'>unita</span> <span class='ocrx_word' id='word_1_136' title='bbox 1547 2171 1724 2226; x_wconf 75' lang='lat' dir='ltr'>Verbo</span> <span class='ocrx_word' id='word_1_137' title='bbox 1778 2168 1852 2222; x_wconf 84' lang='grc'><strong>11).</strong></span> 
     </span>
    </p>
   </div>
   <div class='ocr_carea' id='block_1_8' title="bbox 495 2301 1788 2463">
    <p class='ocr_par' dir='ltr' id='par_1_11' title="bbox 495 2301 1788 2463">
     <span class='ocr_line' id='line_1_22' title="bbox 1097 2301 1451 2342; baseline 0 -1"><span class='ocrx_word' id='word_1_138' title='bbox 1097 2301 1451 2342; x_wconf 62' lang='lat' dir='ltr'>ulmum.</span> 
     </span>
     <span class='ocr_line' id='line_1_23' title="bbox 495 2397 1788 2463; baseline -0.002 -11"><span class='ocrx_word' id='word_1_139' title='bbox 495 2397 738 2452; x_wconf 66' lang='lat' dir='ltr'>adorare</span> <span class='ocrx_word' id='word_1_140' title='bbox 769 2399 940 2450; x_wconf 78' lang='lat' dir='ltr'>Aman</span> <span class='ocrx_word' id='word_1_141' title='bbox 966 2408 1066 2452; x_wconf 89' lang='lat' dir='ltr'>cur</span> <span class='ocrx_word' id='word_1_142' title='bbox 1093 2398 1437 2463; x_wconf 77' lang='lat' dir='ltr'>recusaverit,</span> <span class='ocrx_word' id='word_1_143' title='bbox 1471 2399 1527 2453; x_wconf 91' lang='lat' dir='ltr'>d.</span> <span class='ocrx_word' id='word_1_144' title='bbox 1553 2401 1634 2461; x_wconf 73' lang='lat'>52,</span> <span class='ocrx_word' id='word_1_145' title='bbox 1667 2411 1711 2452; x_wconf 85' lang='lat' dir='ltr'>s.</span> <span class='ocrx_word' id='word_1_146' title='bbox 1741 2399 1788 2450; x_wconf 84' lang='lat'>1.</span> 
     </span>
    </p>
   </div>
   <div class='ocr_carea' id='block_1_9' title="bbox 498 2527 2059 2690">
    <p class='ocr_par' dir='ltr' id='par_1_12' title="bbox 498 2527 2059 2690">
     <span class='ocr_line' id='line_1_24' title="bbox 1095 2527 1455 2568; baseline 0.003 -2"><span class='ocrx_word' id='word_1_147' title='bbox 1095 2527 1455 2568; x_wconf 66' lang='grc' dir='ltr'><strong>ΙΑΪΙΙΙΟΚΙΠΙ.</strong></span> 
     </span>
     <span class='ocr_line' id='line_1_25' title="bbox 498 2621 2059 2690; baseline -0.003 -10"><span class='ocrx_word' id='word_1_148' title='bbox 498 2621 708 2680; x_wconf 81' lang='lat' dir='ltr'><strong>Fuisset</strong></span> <span class='ocrx_word' id='word_1_149' title='bbox 732 2627 1134 2678; x_wconf 87' lang='lat' dir='ltr'>sacramentum</span> <span class='ocrx_word' id='word_1_150' title='bbox 1157 2623 1216 2676; x_wconf 91' lang='lat' dir='ltr'>in</span> <span class='ocrx_word' id='word_1_151' title='bbox 1239 2627 1379 2678; x_wconf 87' lang='lat' dir='ltr'>statu</span> <span class='ocrx_word' id='word_1_152' title='bbox 1407 2623 1754 2689; x_wconf 76' lang='lat' dir='ltr'>innocentiae,</span> <span class='ocrx_word' id='word_1_153' title='bbox 1780 2625 1832 2678; x_wconf 88' lang='lat' dir='ltr'>d.</span> <span class='ocrx_word' id='word_1_154' title='bbox 1865 2631 1914 2690; x_wconf 78' lang='lat'>5,</span> <span class='ocrx_word' id='word_1_155' title='bbox 1943 2639 1987 2680; x_wconf 91' lang='lat' dir='ltr'>s.</span> <span class='ocrx_word' id='word_1_156' title='bbox 2012 2629 2059 2678; x_wconf 71' lang='lat' dir='ltr'>s.</span> 
     </span>
    </p>
   </div>
   <div class='ocr_carea' id='block_1_10' title="bbox 1147 2755 1411 2795">
    <p class='ocr_par' dir='ltr' id='par_1_13' title="bbox 1147 2755 1411 2795">
     <span class='ocr_line' id='line_1_26' title="bbox 1147 2755 1411 2795; baseline 0 0"><span class='ocrx_word' id='word_1_157' title='bbox 1147 2755 1411 2795; x_wconf 64' lang='lat' dir='ltr'>nummos.</span> 
     </span>
    </p>
   </div>
   <div class='ocr_carea' id='block_1_11' title="bbox 495 2850 2068 4509">
    <p class='ocr_par' dir='ltr' id='par_1_14' title="bbox 495 2850 2060 2994">
     <span class='ocr_line' id='line_1_27' title="bbox 495 2850 2060 2916; baseline 0.001 -11"><span class='ocrx_word' id='word_1_158' title='bbox 495 2851 644 2905; x_wconf 81' lang='lat' dir='ltr'>Inter</span> <span class='ocrx_word' id='word_1_159' title='bbox 660 2851 848 2916; x_wconf 81' lang='lat' dir='ltr'>Deum,</span> <span class='ocrx_word' id='word_1_160' title='bbox 867 2850 926 2904; x_wconf 91' lang='lat' dir='ltr'>id</span> <span class='ocrx_word' id='word_1_161' title='bbox 941 2855 1039 2916; x_wconf 74' lang='lat' dir='ltr'>oet,</span> <span class='ocrx_word' id='word_1_162' title='bbox 1060 2851 1460 2905; x_wconf 84' lang='lat' dir='ltr'>sanctissimam</span> <span class='ocrx_word' id='word_1_163' title='bbox 1475 2852 1794 2907; x_wconf 74' lang='lat' dir='ltr'>Trinitatem</span> <span class='ocrx_word' id='word_1_164' title='bbox 1811 2858 1866 2907; x_wconf 89' lang='lat' dir='ltr'>et</span> <span class='ocrx_word' id='word_1_165' title='bbox 1878 2851 2060 2908; x_wconf 87' lang='lat' dir='ltr'>homi-</span> 
     </span>
     <span class='ocr_line' id='line_1_28' title="bbox 563 2927 1639 2994; baseline -0.001 -13"><span class='ocrx_word' id='word_1_166' title='bbox 563 2941 662 2982; x_wconf 73' lang='lat' dir='ltr'>nae</span> <span class='ocrx_word' id='word_1_167' title='bbox 683 2927 926 2982; x_wconf 87' lang='lat' dir='ltr'>Christus</span> <span class='ocrx_word' id='word_1_168' title='bbox 945 2933 1024 2981; x_wconf 85' lang='lat' dir='ltr'>est</span> <span class='ocrx_word' id='word_1_169' title='bbox 1043 2927 1324 2992; x_wconf 77' lang='lat' dir='ltr'>mediator,</span> <span class='ocrx_word' id='word_1_170' title='bbox 1358 2928 1414 2981; x_wconf 89' lang='lat' dir='ltr'>d.</span> <span class='ocrx_word' id='word_1_171' title='bbox 1443 2932 1564 2994; x_wconf 67' lang='grc'><strong>4,.8.</strong></span> <span class='ocrx_word' id='word_1_172' title='bbox 1592 2933 1639 2980; x_wconf 75' lang='lat'>5.</span> 
     </span>
    </p>

    <p class='ocr_par' dir='ltr' id='par_1_15' title="bbox 496 3001 1814 3071">
     <span class='ocr_line' id='line_1_29' title="bbox 496 3001 1814 3071; baseline 0 -14"><span class='ocrx_word' id='word_1_173' title='bbox 496 3003 561 3057; x_wconf 85' lang='lat' dir='ltr'>Et</span> <span class='ocrx_word' id='word_1_174' title='bbox 587 3001 735 3056; x_wconf 89' lang='lat' dir='ltr'>solus</span> <span class='ocrx_word' id='word_1_175' title='bbox 759 3003 873 3070; x_wconf 85' lang='lat' dir='ltr'>ipse</span> <span class='ocrx_word' id='word_1_176' title='bbox 903 3004 1173 3071; x_wconf 83' lang='lat' dir='ltr'>perfectus</span> <span class='ocrx_word' id='word_1_177' title='bbox 1200 3003 1484 3068; x_wconf 81' lang='lat' dir='ltr'>mediator,</span> <span class='ocrx_word' id='word_1_178' title='bbox 1507 3004 1562 3058; x_wconf 90' lang='grc'>(1.</span> <span class='ocrx_word' id='word_1_179' title='bbox 1585 3010 1665 3070; x_wconf 78' lang='lat'>56,</span> <span class='ocrx_word' id='word_1_180' title='bbox 1700 3018 1744 3058; x_wconf 86' lang='lat' dir='ltr'>s.</span> <span class='ocrx_word' id='word_1_181' title='bbox 1768 3009 1814 3057; x_wconf 80' lang='grc'>3.</span> 
     </span>
    </p>

    <p class='ocr_par' dir='ltr' id='par_1_16' title="bbox 495 3077 2063 3146">
     <span class='ocr_line' id='line_1_30' title="bbox 495 3077 2063 3146; baseline 0.001 -14"><span class='ocrx_word' id='word_1_182' title='bbox 495 3077 805 3132; x_wconf 67' lang='lat' dir='ltr'>mediatoris</span> <span class='ocrx_word' id='word_1_183' title='bbox 824 3090 1028 3132; x_wconf 90' lang='lat' dir='ltr'>nomen</span> <span class='ocrx_word' id='word_1_184' title='bbox 1057 3078 1302 3132; x_wconf 87' lang='lat' dir='ltr'>numeris</span> <span class='ocrx_word' id='word_1_185' title='bbox 1323 3085 1420 3146; x_wconf 89' lang='lat' dir='ltr'>est,</span> <span class='ocrx_word' id='word_1_186' title='bbox 1448 3092 1560 3133; x_wconf 88' lang='lat' dir='ltr'>non</span> <span class='ocrx_word' id='word_1_187' title='bbox 1588 3079 1920 3144; x_wconf 74' lang='lat' dir='ltr'>substantiae,</span> <span class='ocrx_word' id='word_1_188' title='bbox 1947 3094 1991 3134; x_wconf 87' lang='lat' dir='ltr'>s.</span> <span class='ocrx_word' id='word_1_189' title='bbox 2012 3085 2063 3134; x_wconf 76' lang='lat'>2.</span> 
     </span>
    </p>

    <p class='ocr_par' dir='ltr' id='par_1_17' title="bbox 499 3155 2066 3296">
     <span class='ocr_line' id='line_1_31' title="bbox 499 3155 2066 3223; baseline 0.001 -15"><span class='ocrx_word' id='word_1_190' title='bbox 499 3155 796 3222; x_wconf 86' lang='lat' dir='ltr'>Usurpatur</span> <span class='ocrx_word' id='word_1_191' title='bbox 837 3155 1114 3210; x_wconf 89' lang='lat' dir='ltr'>interdum</span> <span class='ocrx_word' id='word_1_192' title='bbox 1148 3156 1220 3209; x_wconf 89' lang='lat' dir='ltr'>ad</span> <span class='ocrx_word' id='word_1_193' title='bbox 1251 3157 1672 3223; x_wconf 81' lang='lat' dir='ltr'>significandum</span> <span class='ocrx_word' id='word_1_194' title='bbox 1711 3157 2066 3212; x_wconf 77' lang='lat' dir='ltr'>substantiale</span> 
     </span>
     <span class='ocr_line' id='line_1_32' title="bbox 563 3231 2060 3296; baseline 0.002 -14"><span class='ocrx_word' id='word_1_195' title='bbox 563 3231 808 3284; x_wconf 88' lang='lat' dir='ltr'>medium</span> <span class='ocrx_word' id='word_1_196' title='bbox 833 3231 973 3285; x_wconf 84' lang='lat' dir='ltr'>inter</span> <span class='ocrx_word' id='word_1_197' title='bbox 999 3231 1136 3286; x_wconf 87' lang='lat' dir='ltr'>duas</span> <span class='ocrx_word' id='word_1_198' title='bbox 1155 3237 1390 3285; x_wconf 81' lang='lat' dir='ltr'>extreme</span> <span class='ocrx_word' id='word_1_199' title='bbox 1414 3231 1675 3288; x_wconf 86' lang='lat' dir='ltr'>distantes</span> <span class='ocrx_word' id='word_1_200' title='bbox 1701 3237 1951 3296; x_wconf 86' lang='lat' dir='ltr'>naturas,</span> <span class='ocrx_word' id='word_1_201' title='bbox 1987 3233 2060 3286; x_wconf 84' lang='lat' dir='ltr'>ib.</span> 
     </span>
    </p>

    <p class='ocr_par' dir='ltr' id='par_1_18' title="bbox 498 3306 2065 3447">
     <span class='ocr_line' id='line_1_33' title="bbox 498 3306 2065 3374; baseline 0.003 -15"><span class='ocrx_word' id='word_1_202' title='bbox 498 3306 690 3372; x_wconf 76' lang='lat' dir='ltr'>Angeli</span> <span class='ocrx_word' id='word_1_203' title='bbox 729 3307 871 3360; x_wconf 87' lang='lat' dir='ltr'>beati</span> <span class='ocrx_word' id='word_1_204' title='bbox 910 3307 1142 3374; x_wconf 88' lang='lat' dir='ltr'>qualiter</span> <span class='ocrx_word' id='word_1_205' title='bbox 1174 3307 1283 3360; x_wconf 89' lang='lat' dir='ltr'>dici</span> <span class='ocrx_word' id='word_1_206' title='bbox 1323 3307 1534 3374; x_wconf 83' lang='lat' dir='ltr'>possint</span> <span class='ocrx_word' id='word_1_207' title='bbox 1566 3308 1890 3362; x_wconf 83' lang='lat' dir='ltr'>mediatores</span> <span class='ocrx_word' id='word_1_208' title='bbox 1922 3309 2065 3363; x_wconf 87' lang='lat' dir='ltr'>inter</span> 
     </span>
     <span class='ocr_line' id='line_1_34' title="bbox 564 3383 1240 3447; baseline 0.004 -14"><span class='ocrx_word' id='word_1_209' title='bbox 564 3393 666 3435; x_wconf 87' lang='lat' dir='ltr'>nos</span> <span class='ocrx_word' id='word_1_210' title='bbox 695 3387 748 3434; x_wconf 88' lang='lat' dir='ltr'>et</span> <span class='ocrx_word' id='word_1_211' title='bbox 777 3383 965 3447; x_wconf 87' lang='lat' dir='ltr'>Deum,</span> <span class='ocrx_word' id='word_1_212' title='bbox 1001 3397 1043 3436; x_wconf 86' lang='lat' dir='ltr'>s.</span> <span class='ocrx_word' id='word_1_213' title='bbox 1075 3390 1124 3436; x_wconf 84' lang='lat'>3.</span> <span class='ocrx_word' id='word_1_214' title='bbox 1235 3409 1240 3417; x_wconf 95' lang='lat'>·</span> 
     </span>
    </p>

    <p class='ocr_par' dir='ltr' id='par_1_19' title="bbox 499 3457 1777 3526">
     <span class='ocr_line' id='line_1_35' title="bbox 499 3457 1777 3526; baseline -0.001 -16"><span class='ocrx_word' id='word_1_215' title='bbox 499 3457 806 3512; x_wconf 65' lang='lat' dir='ltr'>mediatoris</span> <span class='ocrx_word' id='word_1_216' title='bbox 833 3471 1036 3513; x_wconf 90' lang='lat' dir='ltr'>munus</span> <span class='ocrx_word' id='word_1_217' title='bbox 1063 3460 1132 3514; x_wconf 87' lang='lat' dir='ltr'>ad</span> <span class='ocrx_word' id='word_1_218' title='bbox 1153 3459 1288 3526; x_wconf 86' lang='lat' dir='ltr'>quid</span> <span class='ocrx_word' id='word_1_219' title='bbox 1309 3473 1368 3514; x_wconf 88' lang='lat' dir='ltr'>se</span> <span class='ocrx_word' id='word_1_220' title='bbox 1399 3459 1670 3524; x_wconf 79' lang='lat' dir='ltr'>extendat,</span> <span class='ocrx_word' id='word_1_221' title='bbox 1703 3459 1777 3512; x_wconf 83' lang='lat' dir='ltr'>ib.</span> 
     </span>
    </p>

    <p class='ocr_par' dir='ltr' id='par_1_20' title="bbox 500 3532 2061 3675">
     <span class='ocr_line' id='line_1_36' title="bbox 500 3532 2061 3591; baseline 0.001 -5"><span class='ocrx_word' id='word_1_222' title='bbox 500 3532 806 3586; x_wconf 69' lang='lat' dir='ltr'>Mediatoris</span> <span class='ocrx_word' id='word_1_223' title='bbox 833 3547 1035 3589; x_wconf 88' lang='lat' dir='ltr'>munus</span> <span class='ocrx_word' id='word_1_224' title='bbox 1062 3535 1209 3590; x_wconf 88' lang='lat' dir='ltr'>idem</span> <span class='ocrx_word' id='word_1_225' title='bbox 1239 3535 1296 3589; x_wconf 91' lang='lat' dir='ltr'>in</span> <span class='ocrx_word' id='word_1_226' title='bbox 1323 3535 1531 3591; x_wconf 88' lang='lat' dir='ltr'>Christo</span> <span class='ocrx_word' id='word_1_227' title='bbox 1563 3548 1688 3588; x_wconf 90' lang='lat' dir='ltr'>cum</span> <span class='ocrx_word' id='word_1_228' title='bbox 1719 3549 1946 3590; x_wconf 85' lang='lat' dir='ltr'>munere</span> <span class='ocrx_word' id='word_1_229' title='bbox 1974 3547 2061 3588; x_wconf 87' lang='lat' dir='ltr'>re-</span> 
     </span>
     <span class='ocr_line' id='line_1_37' title="bbox 564 3607 989 3675; baseline 0.005 -13"><span class='ocrx_word' id='word_1_230' title='bbox 564 3607 878 3675; x_wconf 84' lang='lat' dir='ltr'>demptoris,</span> <span class='ocrx_word' id='word_1_231' title='bbox 915 3611 989 3664; x_wconf 82' lang='lat' dir='ltr'>in.</span> 
     </span>
    </p>

    <p class='ocr_par' dir='ltr' id='par_1_21' title="bbox 502 3683 2065 3832">
     <span class='ocr_line' id='line_1_38' title="bbox 502 3683 2065 3754; baseline 0.001 -16"><span class='ocrx_word' id='word_1_232' title='bbox 502 3683 754 3748; x_wconf 81' lang='lat' dir='ltr'>Quaedam</span> <span class='ocrx_word' id='word_1_233' title='bbox 783 3686 946 3752; x_wconf 86' lang='lat' dir='ltr'>hujus</span> <span class='ocrx_word' id='word_1_234' title='bbox 965 3687 1212 3740; x_wconf 88' lang='lat' dir='ltr'>muner-is</span> <span class='ocrx_word' id='word_1_235' title='bbox 1234 3687 1595 3754; x_wconf 88' lang='lat' dir='ltr'>participatio,</span> <span class='ocrx_word' id='word_1_236' title='bbox 1630 3693 1740 3740; x_wconf 89' lang='lat' dir='ltr'>tam</span> <span class='ocrx_word' id='word_1_237' title='bbox 1762 3687 1818 3740; x_wconf 88' lang='lat' dir='ltr'>in</span> <span class='ocrx_word' id='word_1_238' title='bbox 1844 3687 2065 3754; x_wconf 66' lang='lat' dir='ltr'>angelis</span> 
     </span>
     <span class='ocr_line' id='line_1_39' title="bbox 563 3759 1830 3832; baseline 0.001 -18"><span class='ocrx_word' id='word_1_239' title='bbox 563 3773 731 3825; x_wconf 84' lang='lat' dir='ltr'>quam</span> <span class='ocrx_word' id='word_1_240' title='bbox 766 3760 824 3814; x_wconf 92' lang='lat' dir='ltr'>in</span> <span class='ocrx_word' id='word_1_241' title='bbox 859 3762 1060 3815; x_wconf 90' lang='lat' dir='ltr'>sanctis</span> <span class='ocrx_word' id='word_1_242' title='bbox 1087 3759 1405 3816; x_wconf 83' lang='lat' dir='ltr'>hominibus</span> <span class='ocrx_word' id='word_1_243' title='bbox 1434 3762 1719 3832; x_wconf 87' lang='lat' dir='ltr'>reperitur,</span> <span class='ocrx_word' id='word_1_244' title='bbox 1754 3763 1830 3816; x_wconf 87' lang='lat' dir='ltr'>ib.</span> 
     </span>
    </p>

    <p class='ocr_par' dir='ltr' id='par_1_22' title="bbox 503 3835 1315 3900">
     <span class='ocr_line' id='line_1_40' title="bbox 503 3835 1315 3900; baseline 0.006 -14"><span class='ocrx_word' id='word_1_245' title='bbox 503 3835 618 3888; x_wconf 80' lang='lat' dir='ltr'>imo</span> <span class='ocrx_word' id='word_1_246' title='bbox 648 3841 702 3891; x_wconf 86' lang='lat' dir='ltr'>et</span> <span class='ocrx_word' id='word_1_247' title='bbox 733 3835 792 3890; x_wconf 90' lang='lat' dir='ltr'>in</span> <span class='ocrx_word' id='word_1_248' title='bbox 825 3837 1213 3900; x_wconf 80' lang='lat' dir='ltr'>sacerdotibuS,</span> <span class='ocrx_word' id='word_1_249' title='bbox 1238 3837 1315 3891; x_wconf 85' lang='lat' dir='ltr'>ib.</span> 
     </span>
    </p>

    <p class='ocr_par' dir='ltr' id='par_1_23' title="bbox 505 3910 2065 4190">
     <span class='ocr_line' id='line_1_41' title="bbox 505 3910 2062 3980; baseline -0.001 -14"><span class='ocrx_word' id='word_1_250' title='bbox 505 3910 760 3966; x_wconf 72' lang='lat' dir='ltr'>absolute</span> <span class='ocrx_word' id='word_1_251' title='bbox 783 3911 1009 3966; x_wconf 88' lang='lat' dir='ltr'>concedi</span> <span class='ocrx_word' id='word_1_252' title='bbox 1047 3918 1238 3980; x_wconf 84' lang='lat' dir='ltr'>potest,</span> <span class='ocrx_word' id='word_1_253' title='bbox 1271 3917 1382 3967; x_wconf 87' lang='lat' dir='ltr'>tam</span> <span class='ocrx_word' id='word_1_254' title='bbox 1412 3913 1648 3969; x_wconf 83' lang='lat' dir='ltr'>Verbum</span> <span class='ocrx_word' id='word_1_255' title='bbox 1681 3927 1846 3980; x_wconf 80' lang='lat' dir='ltr'>quam</span> <span class='ocrx_word' id='word_1_256' title='bbox 1873 3915 2062 3969; x_wconf 83' lang='lat' dir='ltr'>Deum.</span> 
     </span>
     <span class='ocr_line' id='line_1_42' title="bbox 571 3988 1965 4056; baseline 0.001 -16"><span class='ocrx_word' id='word_1_257' title='bbox 571 3999 690 4040; x_wconf 88' lang='lat' dir='ltr'>esse</span> <span class='ocrx_word' id='word_1_258' title='bbox 719 3988 1074 4042; x_wconf 76' lang='lat' dir='ltr'>mediatorem</span> <span class='ocrx_word' id='word_1_259' title='bbox 1105 3989 1199 4042; x_wconf 85' lang='lat' dir='ltr'>Dei</span> <span class='ocrx_word' id='word_1_260' title='bbox 1233 3993 1288 4042; x_wconf 91' lang='lat' dir='ltr'>et</span> <span class='ocrx_word' id='word_1_261' title='bbox 1313 3988 1619 4056; x_wconf 86' lang='lat' dir='ltr'>hominum,</span> <span class='ocrx_word' id='word_1_262' title='bbox 1649 3989 1704 4044; x_wconf 93' lang='grc'>(1.</span> <span class='ocrx_word' id='word_1_263' title='bbox 1740 3994 1818 4054; x_wconf 69' lang='lat'>⁸⁶,</span> <span class='ocrx_word' id='word_1_264' title='bbox 1853 4004 1896 4044; x_wconf 91' lang='lat' dir='ltr'>s.</span> <span class='ocrx_word' id='word_1_265' title='bbox 1918 3995 1965 4041; x_wconf 78' lang='lat'>2.</span> 
     </span>
     <span class='ocr_line' id='line_1_43' title="bbox 569 4061 2065 4190; baseline 0.003 -76"><span class='ocrx_word' id='word_1_266' title='bbox 569 4061 737 4190; x_wconf 57' lang='lat' dir='ltr'>lS)e‹:us</span> <span class='ocrx_word' id='word_1_267' title='bbox 769 4062 1191 4130; x_wconf 86' lang='lat' dir='ltr'>reduplicando,</span> <span class='ocrx_word' id='word_1_268' title='bbox 1226 4063 1286 4118; x_wconf 91' lang='lat' dir='ltr'>in</span> <span class='ocrx_word' id='word_1_269' title='bbox 1319 4071 1586 4133; x_wconf 84' lang='lat' dir='ltr'>quantum</span> <span class='ocrx_word' id='word_1_270' title='bbox 1625 4067 1768 4120; x_wconf 85' lang='lat' dir='ltr'>Deus</span> <span class='ocrx_word' id='word_1_271' title='bbox 1809 4071 1902 4120; x_wconf 83' lang='lat' dir='ltr'>aut</span> <span class='ocrx_word' id='word_1_272' title='bbox 1931 4067 2065 4120; x_wconf 77' lang='lat' dir='ltr'>Ver-</span> 
     </span>
    </p>

    <p class='ocr_par' dir='ltr' id='par_1_24' title="bbox 608 4137 833 4201">
     <span class='ocr_line' id='line_1_44' title="bbox 608 4137 833 4201; baseline -0.009 -9"><span class='ocrx_word' id='word_1_273' title='bbox 608 4151 722 4201; x_wconf 89' lang='lat' dir='ltr'>um,</span> <span class='ocrx_word' id='word_1_274' title='bbox 759 4137 833 4191; x_wconf 88' lang='lat' dir='ltr'>ib.</span> 
     </span>
    </p>

    <p class='ocr_par' dir='ltr' id='par_1_25' title="bbox 507 4213 2068 4344">
     <span class='ocr_line' id='line_1_45' title="bbox 507 4213 2068 4286; baseline 0.003 -19"><span class='ocrx_word' id='word_1_275' title='bbox 507 4213 650 4267; x_wconf 86' lang='lat' dir='ltr'>Deus</span> <span class='ocrx_word' id='word_1_276' title='bbox 676 4215 839 4269; x_wconf 84' lang='lat' dir='ltr'>homo</span> <span class='ocrx_word' id='word_1_277' title='bbox 860 4215 1126 4272; x_wconf 84' lang='lat' dir='ltr'>mediator</span> <span class='ocrx_word' id='word_1_278' title='bbox 1149 4223 1210 4271; x_wconf 92' lang='lat' dir='ltr'>ut</span> <span class='ocrx_word' id='word_1_279' title='bbox 1229 4217 1398 4284; x_wconf 82' lang='lat' dir='ltr'>quod,</span> <span class='ocrx_word' id='word_1_280' title='bbox 1431 4223 1493 4272; x_wconf 89' lang='lat' dir='ltr'>ut</span> <span class='ocrx_word' id='word_1_281' title='bbox 1527 4230 1636 4284; x_wconf 78' lang='lat' dir='ltr'>quo·</span> <span class='ocrx_word' id='word_1_282' title='bbox 1659 4229 1787 4273; x_wconf 84' lang='lat' dir='ltr'>vero</span> <span class='ocrx_word' id='word_1_283' title='bbox 1816 4216 1934 4286; x_wconf 87' lang='lat' dir='ltr'>ipsa</span> <span class='ocrx_word' id='word_1_284' title='bbox 1960 4218 2068 4272; x_wconf 81' lang='lat' dir='ltr'>ltu-</span> 
     </span>
     <span class='ocr_line' id='line_1_46' title="bbox 572 4289 928 4354; baseline 0 -10"><span class='ocrx_word' id='word_1_285' title='bbox 572 4289 826 4354; x_wconf 86' lang='lat' dir='ltr'>manitas,</span> <span class='ocrx_word' id='word_1_286' title='bbox 852 4291 928 4346; x_wconf 86' lang='lat' dir='ltr'>ib.</span> 
     </span>
    </p>

    <p class='ocr_par' dir='ltr' id='par_1_26' title="bbox 509 4365 2068 4509">
     <span class='ocr_line' id='line_1_47' title="bbox 509 4365 2068 4436; baseline 0.003 -18"><span class='ocrx_word' id='word_1_287' title='bbox 509 4365 617 4419; x_wconf 80' lang='lat' dir='ltr'>Nec</span> <span class='ocrx_word' id='word_1_288' title='bbox 643 4366 955 4420; x_wconf 86' lang='lat' dir='ltr'>humanitas</span> <span class='ocrx_word' id='word_1_289' title='bbox 977 4367 1192 4433; x_wconf 85' lang='lat' dir='ltr'>Christi,</span> <span class='ocrx_word' id='word_1_290' title='bbox 1219 4381 1396 4436; x_wconf 82' lang='lat' dir='ltr'>neque</span> <span class='ocrx_word' id='word_1_291' title='bbox 1423 4369 1544 4436; x_wconf 80' lang='lat' dir='ltr'>ejus</span> <span class='ocrx_word' id='word_1_292' title='bbox 1560 4368 1838 4434; x_wconf 81' lang='lat' dir='ltr'>divinitas,</span> <span class='ocrx_word' id='word_1_293' title='bbox 1857 4369 2068 4424; x_wconf 88' lang='lat' dir='ltr'>media-</span> 
     </span>
     <span class='ocr_line' id='line_1_48' title="bbox 577 4440 1252 4509; baseline 0.003 -15"><span class='ocrx_word' id='word_1_294' title='bbox 577 4440 739 4495; x_wconf 88' lang='lat' dir='ltr'>trices</span> <span class='ocrx_word' id='word_1_295' title='bbox 771 4441 880 4496; x_wconf 90' lang='lat' dir='ltr'>dici</span> <span class='ocrx_word' id='word_1_296' title='bbox 917 4449 1159 4509; x_wconf 87' lang='lat' dir='ltr'>possunt,</span> <span class='ocrx_word' id='word_1_297' title='bbox 1196 4444 1252 4496; x_wconf 84' lang='grc'>11)</span> 
     </span>
    </p>
   </div>
   <div class='ocr_carea' id='block_1_12' title="bbox 511 4517 2070 4660">
    <p class='ocr_par' dir='ltr' id='par_1_27' title="bbox 511 4517 2070 4660">
     <span class='ocr_line' id='line_1_49' title="bbox 511 4517 2070 4587; baseline 0.003 -18"><span class='ocrx_word' id='word_1_298' title='bbox 511 4517 749 4570; x_wconf 79' lang='lat' dir='ltr'>concedi</span> <span class='ocrx_word' id='word_1_299' title='bbox 773 4517 936 4572; x_wconf 88' lang='lat' dir='ltr'>debet</span> <span class='ocrx_word' id='word_1_300' title='bbox 963 4519 1255 4583; x_wconf 85' lang='lat' dir='ltr'>Christum,</span> <span class='ocrx_word' id='word_1_301' title='bbox 1291 4520 1350 4576; x_wconf 90' lang='lat' dir='ltr'>in</span> <span class='ocrx_word' id='word_1_302' title='bbox 1375 4525 1642 4587; x_wconf 78' lang='lat' dir='ltr'>quantum</span> <span class='ocrx_word' id='word_1_303' title='bbox 1671 4523 1858 4586; x_wconf 81' lang='lat' dir='ltr'>Deum,</span> <span class='ocrx_word' id='word_1_304' title='bbox 1889 4520 2070 4576; x_wconf 81' lang='lat' dir='ltr'>homi-</span> 
     </span>
     <span class='ocr_line' id='line_1_50' title="bbox 576 4593 1506 4660; baseline -0.001 -14"><span class='ocrx_word' id='word_1_305' title='bbox 576 4603 704 4646; x_wconf 82' lang='lat' dir='ltr'>netn</span> <span class='ocrx_word' id='word_1_306' title='bbox 731 4605 850 4647; x_wconf 89' lang='lat' dir='ltr'>esse</span> <span class='ocrx_word' id='word_1_307' title='bbox 879 4593 1252 4660; x_wconf 84' lang='lat' dir='ltr'>mediatorem,</span> <span class='ocrx_word' id='word_1_308' title='bbox 1275 4594 1353 4649; x_wconf 85' lang='lat' dir='ltr'>ib.</span> <span class='ocrx_word' id='word_1_309' title='bbox 1499 4603 1506 4610; x_wconf 89' lang='lat'><strong>·</strong></span> 
     </span>
    </p>
   </div>
   <div class='ocr_carea' id='block_1_13' title="bbox 1100 4727 1492 4768">
    <p class='ocr_par' dir='ltr' id='par_1_28' title="bbox 1100 4727 1492 4768">
     <span class='ocr_line' id='line_1_51' title="bbox 1100 4727 1492 4768; baseline 0 -2"><span class='ocrx_word' id='word_1_310' title='bbox 1100 4727 1492 4768; x_wconf 61' lang='lat' dir='ltr'>nementsttnsscn.</span> 
     </span>
    </p>
   </div>
   <div class='ocr_carea' id='block_1_14' title="bbox 509 4824 2073 4966">
    <p class='ocr_par' dir='ltr' id='par_1_29' title="bbox 509 4824 2073 4966">
     <span class='ocr_line' id='line_1_52' title="bbox 509 4824 2073 4966; baseline 0.001 -86"><span class='ocrx_word' id='word_1_311' title='bbox 509 4824 1268 4966; x_wconf 44' lang='grc' dir='ltr'>Βοάρῖιὲεοῐιειῌεωὴίεοᾱροὴ</span> <span class='ocrx_word' id='word_1_312' title='bbox 1284 4829 1436 4884; x_wconf 78' lang='lat' dir='ltr'>varia</span> <span class='ocrx_word' id='word_1_313' title='bbox 1456 4827 1834 4882; x_wconf 84' lang='lat' dir='ltr'>haereticorum</span> <span class='ocrx_word' id='word_1_314' title='bbox 1857 4830 2073 4896; x_wconf 86' lang='lat' dir='ltr'>placita,</span> 
     </span>
     <span class='ocr_line' id='line_1_53' title="bbox 780 4917 808 4956; baseline 0 0"><span class='ocrx_word' id='word_1_315' title='bbox 780 4917 808 4956; x_wconf 92' lang='lat' dir='ltr'>s</span> 
     </span>
    </p>
   </div>
   <div class='ocr_carea' id='block_1_15' title="bbox 509 4976 1730 5144">
    <p class='ocr_par' dir='ltr' id='par_1_30' title="bbox 509 4976 1712 5123">
     <span class='ocr_line' id='line_1_54' title="bbox 509 4976 1387 5045; baseline 0.003 -15"><span class='ocrx_word' id='word_1_316' title='bbox 509 4976 635 5030; x_wconf 80' lang='lat' dir='ltr'>Fuit</span> <span class='ocrx_word' id='word_1_317' title='bbox 655 4989 818 5032; x_wconf 82' lang='lat' dir='ltr'>verus</span> <span class='ocrx_word' id='word_1_318' title='bbox 837 4985 892 5032; x_wconf 89' lang='lat' dir='ltr'>et</span> <span class='ocrx_word' id='word_1_319' title='bbox 911 4993 1080 5045; x_wconf 87' lang='lat' dir='ltr'>purus</span> <span class='ocrx_word' id='word_1_320' title='bbox 1099 4980 1284 5045; x_wconf 84' lang='grc'><strong>1101110,</strong></span> <span class='ocrx_word' id='word_1_321' title='bbox 1310 4980 1387 5033; x_wconf 82' lang='lat' dir='ltr'>ib.</span> 
     </span>
     <span class='ocr_line' id='line_1_55' title="bbox 511 5053 1730 5144; baseline 0.002 -37"><span class='ocrx_word' id='word_1_322' title='bbox 511 5053 779 5108; x_wconf 79' lang='lat' dir='ltr'>Nimirum</span> <span class='ocrx_word' id='word_1_323' title='bbox 809 5055 912 5108; x_wconf 80' lang='lat' dir='ltr'>fuit</span> <span class='ocrx_word' id='word_1_324' title='bbox 933 5056 1056 5109; x_wconf 88' lang='lat' dir='ltr'>Sem</span> <span class='ocrx_word' id='word_1_325' title='bbox 1081 5057 1480 5144; x_wconf 75' lang='lat' dir='ltr'>primogenitus</span> <span class='ocrx_word' id='word_1_326' title='bbox 1498 5057 1627 5121; x_wconf 83' lang='lat' dir='ltr'>Noe,</span> <span class='ocrx_word' id='word_1_327' title='bbox 1654 5056 1730 5109; x_wconf 88' lang='grc'><strong>11).</strong></span> 
     </span>
    </p>
   </div>
   <div class='ocr_carea' id='block_1_16' title="bbox 513 5121 1985 5275">
    <p class='ocr_par' dir='ltr' id='par_1_31' title="bbox 513 5121 1985 5275">
     <span class='ocr_line' id='line_1_56' title="bbox 513 5121 1985 5200; baseline 0.001 -18"><span class='ocrx_word' id='word_1_328' title='bbox 513 5130 623 5182; x_wconf 81' lang='lat' dir='ltr'>Cur</span> <span class='ocrx_word' id='word_1_329' title='bbox 650 5143 682 5182; x_wconf 89' lang='lat' dir='ltr'>a</span> <span class='ocrx_word' id='word_1_330' title='bbox 703 5131 870 5186; x_wconf 88' lang='lat' dir='ltr'>Paulo</span> <span class='ocrx_word' id='word_1_331' title='bbox 902 5138 1122 5186; x_wconf 78' lang='lat' dir='ltr'>vocetur</span> <span class='ocrx_word' id='word_1_332' title='bbox 1142 5133 1266 5186; x_wconf 88' lang='lat' dir='ltr'>sine</span> <span class='ocrx_word' id='word_1_333' title='bbox 1299 5121 1451 5200; x_wconf 69' lang='lat' dir='ltr'>pass-e</span> <span class='ocrx_word' id='word_1_334' title='bbox 1473 5138 1525 5186; x_wconf 88' lang='lat' dir='ltr'>et</span> <span class='ocrx_word' id='word_1_335' title='bbox 1545 5133 1666 5186; x_wconf 91' lang='lat' dir='ltr'>sine</span> <span class='ocrx_word' id='word_1_336' title='bbox 1693 5136 1882 5186; x_wconf 80' lang='lat' dir='ltr'>matre.</span> <span class='ocrx_word' id='word_1_337' title='bbox 1909 5132 1985 5185; x_wconf 84' lang='lat' dir='ltr'>ib.</span> 
     </span>
     <span class='ocr_line' id='line_1_57' title="bbox 513 5204 1386 5275; baseline 0.008 -19"><span class='ocrx_word' id='word_1_338' title='bbox 513 5204 692 5271; x_wconf 83' lang='lat' dir='ltr'>Ipsius</span> <span class='ocrx_word' id='word_1_339' title='bbox 711 5207 1076 5260; x_wconf 84' lang='lat' dir='ltr'>sacerdotium</span> <span class='ocrx_word' id='word_1_340' title='bbox 1098 5208 1279 5275; x_wconf 85' lang='lat' dir='ltr'>quale,</span> <span class='ocrx_word' id='word_1_341' title='bbox 1311 5209 1386 5263; x_wconf 89' lang='lat' dir='ltr'>ib.</span> 
     </span>
    </p>
   </div>
   <div class='ocr_carea' id='block_1_17' title="bbox 511 5279 2076 5586">
    <p class='ocr_par' dir='ltr' id='par_1_32' title="bbox 511 5279 2076 5416">
     <span class='ocr_line' id='line_1_58' title="bbox 511 5279 2076 5351; baseline 0.003 -18"><span class='ocrx_word' id='word_1_342' title='bbox 511 5279 714 5334; x_wconf 82' lang='lat' dir='ltr'>Panem</span> <span class='ocrx_word' id='word_1_343' title='bbox 741 5287 796 5337; x_wconf 84' lang='lat' dir='ltr'>et</span> <span class='ocrx_word' id='word_1_344' title='bbox 822 5283 1017 5338; x_wconf 87' lang='lat' dir='ltr'>vinum</span> <span class='ocrx_word' id='word_1_345' title='bbox 1057 5283 1257 5338; x_wconf 86' lang='lat' dir='ltr'>obtulit</span> <span class='ocrx_word' id='word_1_346' title='bbox 1296 5285 1356 5337; x_wconf 92' lang='lat' dir='ltr'>in</span> <span class='ocrx_word' id='word_1_347' title='bbox 1403 5284 1765 5350; x_wconf 86' lang='lat' dir='ltr'>sacrificium,</span> <span class='ocrx_word' id='word_1_348' title='bbox 1796 5295 1906 5351; x_wconf 89' lang='lat' dir='ltr'>quo</span> <span class='ocrx_word' id='word_1_349' title='bbox 1935 5283 2076 5338; x_wconf 85' lang='lat' dir='ltr'>facto</span> 
     </span>
     <span class='ocr_line' id='line_1_59' title="bbox 573 5357 1841 5425; baseline 0.002 -15"><span class='ocrx_word' id='word_1_350' title='bbox 573 5357 922 5414; x_wconf 79' lang='lat' dir='ltr'>Eucharistiae</span> <span class='ocrx_word' id='word_1_351' title='bbox 952 5366 1353 5416; x_wconf 84' lang='lat' dir='ltr'>sacramentum</span> <span class='ocrx_word' id='word_1_352' title='bbox 1373 5359 1738 5425; x_wconf 76' lang='lat' dir='ltr'>obumbravit,</span> <span class='ocrx_word' id='word_1_353' title='bbox 1765 5360 1841 5414; x_wconf 91' lang='grc'><strong>11).</strong></span> 
     </span>
    </p>

    <p class='ocr_par' dir='ltr' id='par_1_33' title="bbox 513 5431 1735 5505">
     <span class='ocr_line' id='line_1_60' title="bbox 513 5431 1735 5505; baseline 0.002 -17"><span class='ocrx_word' id='word_1_354' title='bbox 513 5431 940 5490; x_wconf 67' lang='lat' dir='ltr'>Melchisedech</span> <span class='ocrx_word' id='word_1_355' title='bbox 927 5451 984 5490; x_wconf 81' lang='lat' dir='ltr'>in</span> <span class='ocrx_word' id='word_1_356' title='bbox 1009 5437 1198 5491; x_wconf 89' lang='lat' dir='ltr'>multis</span> <span class='ocrx_word' id='word_1_357' title='bbox 1219 5438 1396 5505; x_wconf 78' lang='lat' dir='ltr'>figura</span> <span class='ocrx_word' id='word_1_358' title='bbox 1411 5437 1630 5501; x_wconf 84' lang='lat' dir='ltr'>Christi,</span> <span class='ocrx_word' id='word_1_359' title='bbox 1657 5437 1735 5491; x_wconf 86' lang='lat' dir='ltr'>ib.</span> 
     </span>
    </p>

    <p class='ocr_par' dir='ltr' id='par_1_34' title="bbox 515 5499 2019 5586">
     <span class='ocr_line' id='line_1_61' title="bbox 515 5499 2019 5586; baseline 0.001 -21"><span class='ocrx_word' id='word_1_360' title='bbox 515 5509 630 5565; x_wconf 80' lang='lat' dir='ltr'>Non</span> <span class='ocrx_word' id='word_1_361' title='bbox 651 5499 802 5586; x_wconf 80' lang='lat' dir='ltr'>dedit</span> <span class='ocrx_word' id='word_1_362' title='bbox 835 5514 1074 5584; x_wconf 81' lang='lat' dir='ltr'>decimas</span> <span class='ocrx_word' id='word_1_363' title='bbox 1093 5516 1342 5582; x_wconf 70' lang='lat' dir='ltr'>Abrahae,</span> <span class='ocrx_word' id='word_1_364' title='bbox 1366 5515 1462 5572; x_wconf 83' lang='lat' dir='ltr'>sed</span> <span class='ocrx_word' id='word_1_365' title='bbox 1491 5515 1760 5570; x_wconf 74' lang='lat' dir='ltr'>Abraham</span> <span class='ocrx_word' id='word_1_366' title='bbox 1783 5514 1910 5580; x_wconf 86' lang='lat' dir='ltr'>ipsi,</span> <span class='ocrx_word' id='word_1_367' title='bbox 1944 5514 2019 5566; x_wconf 86' lang='lat' dir='ltr'>ib.</span> 
     </span>
    </p>
   </div>
   <div class='ocr_carea' id='block_1_18' title="bbox 1853 316 2304 374">
    <p class='ocr_par' dir='ltr' id='par_1_35' title="bbox 1853 316 2304 374">
     <span class='ocr_line' id='line_1_62' title="bbox 1853 316 2304 374; baseline -0.007 -2"><span class='ocrx_word' id='word_1_368' title='bbox 1853 318 2043 372; x_wconf 67' lang='lat' dir='ltr'>limax</span> <span class='ocrx_word' id='word_1_369' title='bbox 2074 316 2304 374; x_wconf 74' lang='lat' dir='ltr'>ttssttuu.</span> 
     </span>
    </p>
   </div>
   <div class='ocr_carea' id='block_1_19' title="bbox 2127 411 3699 712">
    <p class='ocr_par' dir='ltr' id='par_1_36' title="bbox 2127 411 3699 712">
     <span class='ocr_line' id='line_1_63' title="bbox 2127 411 3685 504; baseline -0.004 -34"><span class='ocrx_word' id='word_1_370' title='bbox 2127 418 2249 504; x_wconf 80' lang='lat' dir='ltr'>Fuit</span> <span class='ocrx_word' id='word_1_371' title='bbox 2276 430 2388 471; x_wconf 91' lang='lat' dir='ltr'>non</span> <span class='ocrx_word' id='word_1_372' title='bbox 2418 414 2595 472; x_wconf 86' lang='lat' dir='ltr'>solum</span> <span class='ocrx_word' id='word_1_373' title='bbox 2618 414 2885 475; x_wconf 82' lang='lat' dir='ltr'>sacerdos,</span> <span class='ocrx_word' id='word_1_374' title='bbox 2908 413 3006 466; x_wconf 83' lang='lat' dir='ltr'>sed</span> <span class='ocrx_word' id='word_1_375' title='bbox 3026 415 3079 466; x_wconf 83' lang='lat' dir='ltr'>et</span> <span class='ocrx_word' id='word_1_376' title='bbox 3110 422 3407 478; x_wconf 86' lang='lat' dir='ltr'>supremus</span> <span class='ocrx_word' id='word_1_377' title='bbox 3426 411 3685 464; x_wconf 69' lang='lat' dir='ltr'>sacerdos·</span> 
     </span>
     <span class='ocr_line' id='line_1_64' title="bbox 2128 495 3699 634; baseline -0.007 -10"><span class='ocrx_word' id='word_1_378' title='bbox 2128 495 2265 634; x_wconf 53' lang='lat' dir='ltr'>effi}</span> <span class='ocrx_word' id='word_1_379' title='bbox 2288 567 2653 624; x_wconf 87' lang='lat' dir='ltr'>sacerdotium</span> <span class='ocrx_word' id='word_1_380' title='bbox 2684 577 2799 618; x_wconf 91' lang='lat' dir='ltr'>non</span> <span class='ocrx_word' id='word_1_381' title='bbox 2818 569 2928 618; x_wconf 90' lang='lat' dir='ltr'>tam</span> <span class='ocrx_word' id='word_1_382' title='bbox 2961 561 3067 616; x_wconf 87' lang='lat' dir='ltr'>fuit</span> <span class='ocrx_word' id='word_1_383' title='bbox 3104 574 3201 629; x_wconf 87' lang='lat' dir='ltr'>per</span> <span class='ocrx_word' id='word_1_384' title='bbox 3224 561 3511 616; x_wconf 82' lang='lat' dir='ltr'>Christum</span> <span class='ocrx_word' id='word_1_385' title='bbox 3551 560 3699 614; x_wconf 78' lang='lat' dir='ltr'>ahta-</span> 
     </span>
     <span class='ocr_line' id='line_1_65' title="bbox 2191 637 3671 712; baseline -0.007 -11"><span class='ocrx_word' id='word_1_386' title='bbox 2191 653 2325 709; x_wconf 87' lang='lat' dir='ltr'>tum,</span> <span class='ocrx_word' id='word_1_387' title='bbox 2362 659 2525 712; x_wconf 83' lang='lat' dir='ltr'>quam</span> <span class='ocrx_word' id='word_1_388' title='bbox 2554 643 2623 696; x_wconf 88' lang='lat' dir='ltr'>ad</span> <span class='ocrx_word' id='word_1_389' title='bbox 2642 641 3023 709; x_wconf 79' lang='lat' dir='ltr'>perfectiorem</span> <span class='ocrx_word' id='word_1_390' title='bbox 3040 644 3237 693; x_wconf 89' lang='lat' dir='ltr'>statum</span> <span class='ocrx_word' id='word_1_391' title='bbox 3271 638 3573 698; x_wconf 84' lang='lat' dir='ltr'>elevatum,</span> <span class='ocrx_word' id='word_1_392' title='bbox 3600 637 3671 690; x_wconf 86' lang='lat' dir='ltr'>ih.</span> 
     </span>
    </p>
   </div>
   <div class='ocr_carea' id='block_1_20' title="bbox 2420 769 3403 824">
    <p class='ocr_par' dir='ltr' id='par_1_37' title="bbox 2420 769 3403 824">
     <span class='ocr_line' id='line_1_66' title="bbox 2420 769 3403 824; baseline -0.006 -10"><span class='ocrx_word' id='word_1_393' title='bbox 2420 776 2661 824; x_wconf 69' lang='lat' dir='ltr'>nummu,</span> <span class='ocrx_word' id='word_1_394' title='bbox 2695 774 2897 821; x_wconf 67' lang='lat' dir='ltr'>nunant,</span> <span class='ocrx_word' id='word_1_395' title='bbox 2926 773 3149 810; x_wconf 62' lang='grc' dir='ltr'>ΙΕΒΓΙὊΜ</span> <span class='ocrx_word' id='word_1_396' title='bbox 3182 769 3403 809; x_wconf 73' lang='lat' dir='ltr'>OERIS‘U.</span> 
     </span>
    </p>
   </div>
   <div class='ocr_carea' id='block_1_21' title="bbox 2129 866 3726 5580">
    <p class='ocr_par' dir='ltr' id='par_1_38' title="bbox 2131 866 3501 940">
     <span class='ocr_line' id='line_1_67' title="bbox 2131 866 3501 940; baseline -0.007 -14"><span class='ocrx_word' id='word_1_397' title='bbox 2131 872 2317 928; x_wconf 83' lang='lat' dir='ltr'>Plures</span> <span class='ocrx_word' id='word_1_398' title='bbox 2348 869 2779 940; x_wconf 78' lang='lat' dir='ltr'>significationes</span> <span class='ocrx_word' id='word_1_399' title='bbox 2810 869 2975 934; x_wconf 81' lang='lat' dir='ltr'>hujus</span> <span class='ocrx_word' id='word_1_400' title='bbox 2991 866 3160 928; x_wconf 74' lang='lat' dir='ltr'>vecie,</span> <span class='ocrx_word' id='word_1_401' title='bbox 3186 866 3241 918; x_wconf 89' lang='lat' dir='ltr'>d.</span> <span class='ocrx_word' id='word_1_402' title='bbox 3268 870 3349 925; x_wconf 80' lang='lat'>10,</span> <span class='ocrx_word' id='word_1_403' title='bbox 3380 879 3427 916; x_wconf 86' lang='lat' dir='ltr'>s.</span> <span class='ocrx_word' id='word_1_404' title='bbox 3448 869 3501 916; x_wconf 84' lang='lat'>8.</span> 
     </span>
    </p>

    <p class='ocr_par' dir='ltr' id='par_1_39' title="bbox 2129 940 3707 1154">
     <span class='ocr_line' id='line_1_68' title="bbox 2129 940 3707 1011; baseline -0.006 -9"><span class='ocrx_word' id='word_1_405' title='bbox 2129 949 2376 1002; x_wconf 76' lang='lat' dir='ltr'>Meritum</span> <span class='ocrx_word' id='word_1_406' title='bbox 2414 959 2529 1000; x_wconf 89' lang='lat' dir='ltr'>non</span> <span class='ocrx_word' id='word_1_407' title='bbox 2562 944 2915 1011; x_wconf 86' lang='lat' dir='ltr'>distinguitur</span> <span class='ocrx_word' id='word_1_408' title='bbox 2940 943 3156 996; x_wconf 85' lang='lat' dir='ltr'>realiter</span> <span class='ocrx_word' id='word_1_409' title='bbox 3186 955 3219 994; x_wconf 87' lang='lat' dir='ltr'>a</span> <span class='ocrx_word' id='word_1_410' title='bbox 3252 940 3571 1006; x_wconf 82' lang='lat' dir='ltr'>quantitate</span> <span class='ocrx_word' id='word_1_411' title='bbox 3596 953 3707 993; x_wconf 85' lang='lat' dir='ltr'>me-</span> 
     </span>
     <span class='ocr_line' id='line_1_69' title="bbox 2194 1016 3703 1089; baseline -0.008 -11"><span class='ocrx_word' id='word_1_412' title='bbox 2194 1025 2322 1088; x_wconf 89' lang='lat' dir='ltr'>riti,</span> <span class='ocrx_word' id='word_1_413' title='bbox 2370 1029 2425 1077; x_wconf 89' lang='lat' dir='ltr'>et</span> <span class='ocrx_word' id='word_1_414' title='bbox 2469 1021 2744 1089; x_wconf 86' lang='lat' dir='ltr'>quomodo</span> <span class='ocrx_word' id='word_1_415' title='bbox 2786 1021 2905 1073; x_wconf 83' lang='lat' dir='ltr'>haec</span> <span class='ocrx_word' id='word_1_416' title='bbox 2934 1025 3121 1072; x_wconf 88' lang='lat' dir='ltr'>mutuo</span> <span class='ocrx_word' id='word_1_417' title='bbox 3160 1031 3219 1070; x_wconf 87' lang='lat' dir='ltr'>se</span> <span class='ocrx_word' id='word_1_418' title='bbox 3256 1017 3509 1070; x_wconf 83' lang='lat' dir='ltr'>habeant</span> <span class='ocrx_word' id='word_1_419' title='bbox 3530 1053 3547 1078; x_wconf 87' lang='lat'>,</span> <span class='ocrx_word' id='word_1_420' title='bbox 3576 1016 3631 1068; x_wconf 86' lang='lat' dir='ltr'>d.</span> <span class='ocrx_word' id='word_1_421' title='bbox 3658 1021 3703 1078; x_wconf 74' lang='lat' dir='ltr'>t,</span> 
     </span>
     <span class='ocr_line' id='line_1_70' title="bbox 2195 1105 2320 1154; baseline -0.016 0"><span class='ocrx_word' id='word_1_422' title='bbox 2195 1117 2239 1154; x_wconf 83' lang='lat' dir='ltr'>S.</span> <span class='ocrx_word' id='word_1_423' title='bbox 2270 1105 2320 1152; x_wconf 73' lang='grc'>4.</span> 
     </span>
    </p>

    <p class='ocr_par' dir='ltr' id='par_1_40' title="bbox 2134 1168 3707 1242">
     <span class='ocr_line' id='line_1_71' title="bbox 2134 1168 3707 1242; baseline -0.007 -10"><span class='ocrx_word' id='word_1_424' title='bbox 2134 1179 2197 1232; x_wconf 87' lang='lat' dir='ltr'>Ut</span> <span class='ocrx_word' id='word_1_425' title='bbox 2224 1177 2296 1232; x_wconf 90' lang='lat' dir='ltr'>sit</span> <span class='ocrx_word' id='word_1_426' title='bbox 2322 1173 2537 1242; x_wconf 84' lang='lat' dir='ltr'>aequale</span> <span class='ocrx_word' id='word_1_427' title='bbox 2558 1172 2805 1240; x_wconf 77' lang='lat' dir='ltr'>proemio,</span> <span class='ocrx_word' id='word_1_428' title='bbox 2841 1184 2955 1226; x_wconf 86' lang='lat' dir='ltr'>nou</span> <span class='ocrx_word' id='word_1_429' title='bbox 2978 1171 3225 1238; x_wconf 83' lang='lat' dir='ltr'>requitur</span> <span class='ocrx_word' id='word_1_430' title='bbox 3255 1168 3561 1236; x_wconf 70' lang='lat' dir='ltr'>aequalitas</span> <span class='ocrx_word' id='word_1_431' title='bbox 3582 1169 3707 1235; x_wconf 72' lang='lat' dir='ltr'>phy-</span> 
     </span>
    </p>

    <p class='ocr_par' dir='ltr' id='par_1_41' title="bbox 2135 1244 3697 1394">
     <span class='ocr_line' id='line_1_72' title="bbox 2135 1244 3697 1316; baseline -0.004 -10"><span class='ocrx_word' id='word_1_432' title='bbox 2135 1254 2251 1308; x_wconf 90' lang='lat' dir='ltr'>sica</span> <span class='ocrx_word' id='word_1_433' title='bbox 2270 1253 2411 1306; x_wconf 87' lang='lat' dir='ltr'>inter</span> <span class='ocrx_word' id='word_1_434' title='bbox 2434 1265 2521 1304; x_wconf 90' lang='lat' dir='ltr'>res</span> <span class='ocrx_word' id='word_1_435' title='bbox 2544 1263 2667 1316; x_wconf 79' lang='lat' dir='ltr'>quae</span> <span class='ocrx_word' id='word_1_436' title='bbox 2706 1255 2835 1304; x_wconf 90' lang='lat' dir='ltr'>sunt</span> <span class='ocrx_word' id='word_1_437' title='bbox 2874 1247 3127 1302; x_wconf 88' lang='lat' dir='ltr'>meritum</span> <span class='ocrx_word' id='word_1_438' title='bbox 3164 1253 3219 1302; x_wconf 87' lang='lat' dir='ltr'>et</span> <span class='ocrx_word' id='word_1_439' title='bbox 3258 1244 3581 1313; x_wconf 79' lang='lat' dir='ltr'>praemium,</span> <span class='ocrx_word' id='word_1_440' title='bbox 3610 1248 3697 1299; x_wconf 80' lang='lat' dir='ltr'>sed</span> 
     </span>
     <span class='ocr_line' id='line_1_73' title="bbox 2198 1323 3218 1394; baseline -0.006 -12"><span class='ocrx_word' id='word_1_441' title='bbox 2198 1329 2395 1382; x_wconf 84' lang='lat' dir='ltr'>sufficit</span> <span class='ocrx_word' id='word_1_442' title='bbox 2413 1326 2696 1394; x_wconf 72' lang='lat' dir='ltr'>aequalitas</span> <span class='ocrx_word' id='word_1_443' title='bbox 2722 1323 3110 1392; x_wconf 68' lang='lat' dir='ltr'>proportionis</span> <span class='ocrx_word' id='word_1_444' title='bbox 3141 1324 3218 1376; x_wconf 86' lang='grc'><strong>11).</strong></span> 
     </span>
    </p>

    <p class='ocr_par' dir='ltr' id='par_1_42' title="bbox 2136 1397 3711 1688">
     <span class='ocr_line' id='line_1_74' title="bbox 2136 1397 3699 1463; baseline -0.009 -2"><span class='ocrx_word' id='word_1_445' title='bbox 2136 1405 2380 1462; x_wconf 85' lang='lat' dir='ltr'>Christus</span> <span class='ocrx_word' id='word_1_446' title='bbox 2406 1403 2683 1458; x_wconf 81' lang='lat' dir='ltr'>sufficiens</span> <span class='ocrx_word' id='word_1_447' title='bbox 2716 1401 2821 1456; x_wconf 82' lang='lat' dir='ltr'>fuit</span> <span class='ocrx_word' id='word_1_448' title='bbox 2857 1401 2927 1454; x_wconf 92' lang='lat' dir='ltr'>ad</span> <span class='ocrx_word' id='word_1_449' title='bbox 2960 1399 3285 1454; x_wconf 85' lang='lat' dir='ltr'>merendum</span> <span class='ocrx_word' id='word_1_450' title='bbox 3318 1399 3399 1454; x_wconf 81' lang='lat' dir='ltr'>de</span> <span class='ocrx_word' id='word_1_451' title='bbox 3438 1397 3699 1463; x_wconf 77' lang='lat' dir='ltr'>condigno</span> 
     </span>
     <span class='ocr_line' id='line_1_75' title="bbox 2200 1473 3709 1546; baseline -0.007 -10"><span class='ocrx_word' id='word_1_452' title='bbox 2200 1481 2465 1536; x_wconf 85' lang='lat' dir='ltr'>unionem</span> <span class='ocrx_word' id='word_1_453' title='bbox 2510 1477 2929 1546; x_wconf 80' lang='lat' dir='ltr'>hypostaticam,</span> <span class='ocrx_word' id='word_1_454' title='bbox 2970 1484 3026 1532; x_wconf 88' lang='lat' dir='ltr'>et</span> <span class='ocrx_word' id='word_1_455' title='bbox 3076 1474 3615 1530; x_wconf 82' lang='lat' dir='ltr'>determinationem</span> <span class='ocrx_word' id='word_1_456' title='bbox 3646 1473 3709 1526; x_wconf 87' lang='grc'>11-</span> 
     </span>
     <span class='ocr_line' id='line_1_76' title="bbox 2202 1549 3711 1618; baseline -0.006 -7"><span class='ocrx_word' id='word_1_457' title='bbox 2202 1559 2390 1611; x_wconf 85' lang='lat' dir='ltr'>beram</span> <span class='ocrx_word' id='word_1_458' title='bbox 2440 1554 2735 1610; x_wconf 77' lang='lat' dir='ltr'>voluntatis</span> <span class='ocrx_word' id='word_1_459' title='bbox 2777 1553 2983 1608; x_wconf 69' lang='lat' dir='ltr'>divinat</span> <span class='ocrx_word' id='word_1_460' title='bbox 3028 1554 3099 1608; x_wconf 85' lang='lat' dir='ltr'>ad</span> <span class='ocrx_word' id='word_1_461' title='bbox 3142 1552 3397 1618; x_wconf 77' lang='lat' dir='ltr'>aliquem</span> <span class='ocrx_word' id='word_1_462' title='bbox 3431 1549 3711 1614; x_wconf 76' lang='lat' dir='ltr'>effectam,</span> 
     </span>
     <span class='ocr_line' id='line_1_77' title="bbox 2202 1635 2275 1688; baseline 0.027 -2"><span class='ocrx_word' id='word_1_463' title='bbox 2202 1635 2275 1688; x_wconf 92' lang='grc'><strong>11).</strong></span> 
     </span>
    </p>

    <p class='ocr_par' dir='ltr' id='par_1_43' title="bbox 2138 1706 3717 1849">
     <span class='ocr_line' id='line_1_78' title="bbox 2138 1706 3717 1778; baseline -0.005 -12"><span class='ocrx_word' id='word_1_464' title='bbox 2138 1715 2254 1766; x_wconf 85' lang='lat' dir='ltr'>imo</span> <span class='ocrx_word' id='word_1_465' title='bbox 2288 1714 2393 1766; x_wconf 85' lang='lat' dir='ltr'>hoc</span> <span class='ocrx_word' id='word_1_466' title='bbox 2424 1709 2695 1778; x_wconf 85' lang='lat' dir='ltr'>posterius</span> <span class='ocrx_word' id='word_1_467' title='bbox 2720 1714 2895 1778; x_wconf 88' lang='lat' dir='ltr'>potest</span> <span class='ocrx_word' id='word_1_468' title='bbox 2918 1708 3111 1762; x_wconf 88' lang='lat' dir='ltr'>cadere</span> <span class='ocrx_word' id='word_1_469' title='bbox 3134 1707 3239 1761; x_wconf 87' lang='lat' dir='ltr'>sub</span> <span class='ocrx_word' id='word_1_470' title='bbox 3262 1706 3541 1760; x_wconf 79' lang='lat' dir='ltr'>meritum</span> <span class='ocrx_word' id='word_1_471' title='bbox 3576 1717 3717 1771; x_wconf 82' lang='lat' dir='ltr'>purae</span> 
     </span>
     <span class='ocr_line' id='line_1_79' title="bbox 2200 1787 2593 1849; baseline -0.008 -7"><span class='ocrx_word' id='word_1_472' title='bbox 2200 1794 2479 1849; x_wconf 86' lang='lat' dir='ltr'>creaturae,</span> <span class='ocrx_word' id='word_1_473' title='bbox 2518 1787 2593 1840; x_wconf 88' lang='lat' dir='ltr'>ib.</span> 
     </span>
    </p>

    <p class='ocr_par' dir='ltr' id='par_1_44' title="bbox 2138 1858 3721 2078">
     <span class='ocr_line' id='line_1_80' title="bbox 2138 1858 3719 1929; baseline -0.003 -12"><span class='ocrx_word' id='word_1_474' title='bbox 2138 1866 2437 1919; x_wconf 84' lang='lat' dir='ltr'>increatum</span> <span class='ocrx_word' id='word_1_475' title='bbox 2468 1865 2681 1918; x_wconf 89' lang='lat' dir='ltr'>bonum</span> <span class='ocrx_word' id='word_1_476' title='bbox 2714 1869 2985 1929; x_wconf 84' lang='lat' dir='ltr'>quatenus</span> <span class='ocrx_word' id='word_1_477' title='bbox 3008 1862 3063 1913; x_wconf 93' lang='lat' dir='ltr'>in</span> <span class='ocrx_word' id='word_1_478' title='bbox 3086 1873 3145 1914; x_wconf 91' lang='lat' dir='ltr'>se</span> <span class='ocrx_word' id='word_1_479' title='bbox 3186 1865 3269 1914; x_wconf 84' lang='lat' dir='ltr'>est</span> <span class='ocrx_word' id='word_1_480' title='bbox 3306 1858 3592 1920; x_wconf 77' lang='lat' dir='ltr'>absolute,</span> <span class='ocrx_word' id='word_1_481' title='bbox 3626 1859 3719 1912; x_wconf 80' lang='lat' dir='ltr'>suh</span> 
     </span>
     <span class='ocr_line' id='line_1_81' title="bbox 2201 1940 3721 2005; baseline -0.005 -9"><span class='ocrx_word' id='word_1_482' title='bbox 2201 1942 2407 1996; x_wconf 87' lang='lat' dir='ltr'>nullius</span> <span class='ocrx_word' id='word_1_483' title='bbox 2449 1941 2705 1996; x_wconf 86' lang='lat' dir='ltr'>meritum</span> <span class='ocrx_word' id='word_1_484' title='bbox 2750 1940 2945 1994; x_wconf 84' lang='lat' dir='ltr'>cadere</span> <span class='ocrx_word' id='word_1_485' title='bbox 2994 1943 3199 2005; x_wconf 57' lang='lat' dir='ltr'>potem</span> <span class='ocrx_word' id='word_1_486' title='bbox 3231 1947 3399 1992; x_wconf 72' lang='lat' dir='ltr'>aecus</span> <span class='ocrx_word' id='word_1_487' title='bbox 3446 1941 3721 2002; x_wconf 76' lang='lat' dir='ltr'>quatenus</span> 
     </span>
     <span class='ocr_line' id='line_1_82' title="bbox 2201 2015 3145 2078; baseline 0 -9"><span class='ocrx_word' id='word_1_488' title='bbox 2201 2017 2369 2072; x_wconf 79' lang='lat' dir='ltr'>libere</span> <span class='ocrx_word' id='word_1_489' title='bbox 2400 2016 2879 2078; x_wconf 85' lang='lat' dir='ltr'>communicabile,</span> <span class='ocrx_word' id='word_1_490' title='bbox 2916 2015 2993 2070; x_wconf 85' lang='lat' dir='ltr'>ib.-</span> <span class='ocrx_word' id='word_1_491' title='bbox 3139 2037 3145 2042; x_wconf 82' lang='lat'><strong>·</strong></span> 
     </span>
    </p>

    <p class='ocr_par' dir='ltr' id='par_1_45' title="bbox 2136 2089 3479 2160">
     <span class='ocr_line' id='line_1_83' title="bbox 2136 2089 3479 2160; baseline -0.004 -14"><span class='ocrx_word' id='word_1_492' title='bbox 2136 2093 2384 2148; x_wconf 72' lang='lat' dir='ltr'>Meritum</span> <span class='ocrx_word' id='word_1_493' title='bbox 2408 2093 2465 2146; x_wconf 94' lang='lat' dir='ltr'>in</span> <span class='ocrx_word' id='word_1_494' title='bbox 2500 2105 2613 2160; x_wconf 83' lang='lat' dir='ltr'>quo</span> <span class='ocrx_word' id='word_1_495' title='bbox 2644 2093 2857 2146; x_wconf 80' lang='lat' dir='ltr'>differat</span> <span class='ocrx_word' id='word_1_496' title='bbox 2877 2089 3319 2151; x_wconf 77' lang='lat' dir='ltr'>asatist&#39;actione,</span> <span class='ocrx_word' id='word_1_497' title='bbox 3340 2103 3389 2142; x_wconf 91' lang='lat' dir='ltr'>s.</span> <span class='ocrx_word' id='word_1_498' title='bbox 3428 2095 3479 2140; x_wconf 77' lang='lat' dir='ltr'>a.</span> 
     </span>
    </p>

    <p class='ocr_par' dir='ltr' id='par_1_46' title="bbox 2136 2164 3715 2301">
     <span class='ocr_line' id='line_1_84' title="bbox 2136 2164 3715 2235; baseline -0.003 -13"><span class='ocrx_word' id='word_1_499' title='bbox 2136 2170 2385 2226; x_wconf 67' lang='lat' dir='ltr'>ueritum</span> <span class='ocrx_word' id='word_1_500' title='bbox 2410 2171 2481 2224; x_wconf 86' lang='lat' dir='ltr'>de</span> <span class='ocrx_word' id='word_1_501' title='bbox 2502 2181 2747 2235; x_wconf 73' lang='lat' dir='ltr'>congruo</span> <span class='ocrx_word' id='word_1_502' title='bbox 2772 2167 3049 2235; x_wconf 82' lang='lat' dir='ltr'>quomodo</span> <span class='ocrx_word' id='word_1_503' title='bbox 3076 2165 3395 2232; x_wconf 82' lang='lat' dir='ltr'>reperiatur</span> <span class='ocrx_word' id='word_1_504' title='bbox 3424 2165 3489 2217; x_wconf 84' lang='lat' dir='ltr'>in</span> <span class='ocrx_word' id='word_1_505' title='bbox 3522 2164 3715 2218; x_wconf 87' lang='lat' dir='ltr'>contri-</span> 
     </span>
     <span class='ocr_line' id='line_1_85' title="bbox 2204 2247 2555 2310; baseline -0.006 -12"><span class='ocrx_word' id='word_1_506' title='bbox 2204 2247 2371 2310; x_wconf 89' lang='lat' dir='ltr'>tione,</span> <span class='ocrx_word' id='word_1_507' title='bbox 2406 2261 2451 2299; x_wconf 85' lang='lat' dir='ltr'>S.</span> <span class='ocrx_word' id='word_1_508' title='bbox 2476 2251 2555 2299; x_wconf 87' lang='grc' dir='ltr'>1ο.</span> 
     </span>
    </p>

    <p class='ocr_par' dir='ltr' id='par_1_47' title="bbox 2138 2317 3713 2452">
     <span class='ocr_line' id='line_1_86' title="bbox 2138 2317 3713 2387; baseline -0.004 -10"><span class='ocrx_word' id='word_1_509' title='bbox 2138 2322 2385 2377; x_wconf 70' lang='lat' dir='ltr'>Meritum</span> <span class='ocrx_word' id='word_1_510' title='bbox 2409 2321 2719 2376; x_wconf 84' lang='lat' dir='ltr'>necessario</span> <span class='ocrx_word' id='word_1_511' title='bbox 2737 2327 2819 2375; x_wconf 87' lang='lat' dir='ltr'>est</span> <span class='ocrx_word' id='word_1_512' title='bbox 2842 2326 2989 2374; x_wconf 87' lang='lat' dir='ltr'>ante·</span> <span class='ocrx_word' id='word_1_513' title='bbox 2983 2319 3316 2387; x_wconf 64' lang='lat' dir='ltr'>wamiam,</span> <span class='ocrx_word' id='word_1_514' title='bbox 3330 2319 3539 2372; x_wconf 71' lang='lat' dir='ltr'>saltem</span> <span class='ocrx_word' id='word_1_515' title='bbox 3568 2317 3713 2384; x_wconf 85' lang='lat' dir='ltr'>prio-</span> 
     </span>
     <span class='ocr_line' id='line_1_87' title="bbox 2204 2398 2943 2460; baseline -0.001 -9"><span class='ocrx_word' id='word_1_516' title='bbox 2204 2398 2361 2452; x_wconf 86' lang='lat' dir='ltr'>ritate</span> <span class='ocrx_word' id='word_1_517' title='bbox 2382 2404 2609 2460; x_wconf 72' lang='lat' dir='ltr'>natum,</span> <span class='ocrx_word' id='word_1_518' title='bbox 2630 2398 2687 2452; x_wconf 91' lang='lat' dir='ltr'>d.</span> <span class='ocrx_word' id='word_1_519' title='bbox 2712 2401 2791 2460; x_wconf 71' lang='lat' dir='ltr'>tt,</span> <span class='ocrx_word' id='word_1_520' title='bbox 2812 2411 2861 2452; x_wconf 86' lang='lat' dir='ltr'>s.</span> <span class='ocrx_word' id='word_1_521' title='bbox 2893 2401 2943 2450; x_wconf 96' lang='grc'>1.</span> 
     </span>
    </p>

    <p class='ocr_par' dir='ltr' id='par_1_48' title="bbox 2140 2445 3705 2604">
     <span class='ocr_line' id='line_1_88' title="bbox 2140 2445 3705 2538; baseline -0.005 -12"><span class='ocrx_word' id='word_1_522' title='bbox 2140 2473 2419 2530; x_wconf 81' lang='lat' dir='ltr'>Interdum</span> <span class='ocrx_word' id='word_1_523' title='bbox 2436 2487 2569 2528; x_wconf 79' lang='lat' dir='ltr'>vero</span> <span class='ocrx_word' id='word_1_524' title='bbox 2586 2473 2765 2528; x_wconf 88' lang='lat' dir='ltr'>solum</span> <span class='ocrx_word' id='word_1_525' title='bbox 2788 2472 3061 2527; x_wconf 87' lang='lat' dir='ltr'>antecedit</span> <span class='ocrx_word' id='word_1_526' title='bbox 3089 2471 3147 2524; x_wconf 89' lang='lat' dir='ltr'>in</span> <span class='ocrx_word' id='word_1_527' title='bbox 3168 2445 3545 2538; x_wconf 72' lang='lat' dir='ltr'>praescientia,</span> <span class='ocrx_word' id='word_1_528' title='bbox 3560 2469 3617 2521; x_wconf 87' lang='lat' dir='ltr'>d.</span> <span class='ocrx_word' id='word_1_529' title='bbox 3634 2474 3705 2531; x_wconf 77' lang='grc' dir='ltr'>1ο,</span> 
     </span>
     <span class='ocr_line' id='line_1_89' title="bbox 2203 2556 2323 2604; baseline -0.031 0"><span class='ocrx_word' id='word_1_530' title='bbox 2203 2563 2249 2604; x_wconf 89' lang='lat' dir='ltr'>s.</span> <span class='ocrx_word' id='word_1_531' title='bbox 2272 2556 2323 2602; x_wconf 82' lang='lat'>3.</span> 
     </span>
    </p>

    <p class='ocr_par' dir='ltr' id='par_1_49' title="bbox 2142 2622 3703 2756">
     <span class='ocr_line' id='line_1_90' title="bbox 2142 2622 3703 2692; baseline -0.004 -14"><span class='ocrx_word' id='word_1_532' title='bbox 2142 2625 2409 2678; x_wconf 75' lang='lat' dir='ltr'>Meritoria</span> <span class='ocrx_word' id='word_1_533' title='bbox 2426 2638 2591 2679; x_wconf 90' lang='lat' dir='ltr'>causa</span> <span class='ocrx_word' id='word_1_534' title='bbox 2606 2623 2892 2692; x_wconf 87' lang='lat' dir='ltr'>participat</span> <span class='ocrx_word' id='word_1_535' title='bbox 2904 2622 3092 2688; x_wconf 82' lang='lat' dir='ltr'>aliquo</span> <span class='ocrx_word' id='word_1_536' title='bbox 3108 2622 3281 2679; x_wconf 85' lang='lat' dir='ltr'>modo</span> <span class='ocrx_word' id='word_1_537' title='bbox 3286 2622 3571 2676; x_wconf 65' lang='lat' dir='ltr'>rationem</span> <span class='ocrx_word' id='word_1_538' title='bbox 3590 2632 3703 2673; x_wconf 76' lang='lat' dir='ltr'>eun·</span> 
     </span>
     <span class='ocr_line' id='line_1_91' title="bbox 2202 2697 3415 2762; baseline -0.004 -8"><span class='ocrx_word' id='word_1_539' title='bbox 2202 2712 2278 2754; x_wconf 81' lang='lat' dir='ltr'>sae</span> <span class='ocrx_word' id='word_1_540' title='bbox 2298 2700 2583 2754; x_wconf 81' lang='lat' dir='ltr'>efficientis</span> <span class='ocrx_word' id='word_1_541' title='bbox 2612 2699 2803 2756; x_wconf 84' lang='lat' dir='ltr'>saltem</span> <span class='ocrx_word' id='word_1_542' title='bbox 2829 2697 3071 2762; x_wconf 82' lang='lat' dir='ltr'>moralis,</span> <span class='ocrx_word' id='word_1_543' title='bbox 3090 2699 3148 2754; x_wconf 86' lang='lat' dir='ltr'>d</span> <span class='ocrx_word' id='word_1_544' title='bbox 3171 2703 3259 2762; x_wconf 84' lang='grc' dir='ltr'>1ο,</span> <span class='ocrx_word' id='word_1_545' title='bbox 3278 2711 3331 2751; x_wconf 81' lang='lat' dir='ltr'>s.</span> <span class='ocrx_word' id='word_1_546' title='bbox 3357 2701 3415 2750; x_wconf 75' lang='lat'>8.</span> 
     </span>
    </p>

    <p class='ocr_par' dir='ltr' id='par_1_50' title="bbox 2204 2776 3288 2843">
     <span class='ocr_line' id='line_1_92' title="bbox 2204 2776 3288 2843; baseline -0.006 -13"><span class='ocrx_word' id='word_1_547' title='bbox 2204 2779 2412 2832; x_wconf 85' lang='lat' dir='ltr'>Etcum</span> <span class='ocrx_word' id='word_1_548' title='bbox 2434 2777 2628 2831; x_wconf 81' lang='lat' dir='ltr'>finali</span> <span class='ocrx_word' id='word_1_549' title='bbox 2612 2791 2671 2830; x_wconf 83' lang='lat' dir='ltr'>in</span> <span class='ocrx_word' id='word_1_550' title='bbox 2696 2789 2809 2843; x_wconf 82' lang='lat' dir='ltr'>quo</span> <span class='ocrx_word' id='word_1_551' title='bbox 2830 2776 3139 2838; x_wconf 81' lang='lat' dir='ltr'>conveniat,</span> <span class='ocrx_word' id='word_1_552' title='bbox 3160 2791 3210 2828; x_wconf 78' lang='lat' dir='ltr'>S.</span> <span class='ocrx_word' id='word_1_553' title='bbox 3236 2779 3288 2828; x_wconf 74' lang='lat' dir='ltr'>t.</span> 
     </span>
    </p>

    <p class='ocr_par' dir='ltr' id='par_1_51' title="bbox 2140 2849 3686 2998">
     <span class='ocr_line' id='line_1_93' title="bbox 2140 2849 3686 2921; baseline -0.005 -11"><span class='ocrx_word' id='word_1_554' title='bbox 2140 2853 2311 2910; x_wconf 64' lang='lat' dir='ltr'>ueriti</span> <span class='ocrx_word' id='word_1_555' title='bbox 2341 2854 2679 2921; x_wconf 85' lang='lat' dir='ltr'>principium</span> <span class='ocrx_word' id='word_1_556' title='bbox 2704 2853 2901 2908; x_wconf 86' lang='lat' dir='ltr'>eadere</span> <span class='ocrx_word' id='word_1_557' title='bbox 2920 2852 3025 2908; x_wconf 79' lang='lat' dir='ltr'>sub</span> <span class='ocrx_word' id='word_1_558' title='bbox 3046 2853 3313 2906; x_wconf 82' lang='lat' dir='ltr'>meritum</span> <span class='ocrx_word' id='word_1_559' title='bbox 3351 2855 3431 2904; x_wconf 76' lang='lat' dir='ltr'>est</span> <span class='ocrx_word' id='word_1_560' title='bbox 3454 2849 3686 2914; x_wconf 78' lang='lat' dir='ltr'>inpossi-</span> 
     </span>
     <span class='ocr_line' id='line_1_94' title="bbox 2206 2922 3077 2998; baseline -0.002 -16"><span class='ocrx_word' id='word_1_561' title='bbox 2206 2931 2339 2994; x_wconf 85' lang='lat' dir='ltr'>bile,</span> <span class='ocrx_word' id='word_1_562' title='bbox 2361 2930 2509 2998; x_wconf 87' lang='lat' dir='ltr'>quod</span> <span class='ocrx_word' id='word_1_563' title='bbox 2530 2929 2635 2983; x_wconf 89' lang='lat' dir='ltr'>late</span> <span class='ocrx_word' id='word_1_564' title='bbox 2654 2922 2973 2996; x_wconf 85' lang='lat' dir='ltr'>explicatur,</span> <span class='ocrx_word' id='word_1_565' title='bbox 3002 2929 3077 2981; x_wconf 90' lang='lat' dir='ltr'>ib.</span> 
     </span>
    </p>

    <p class='ocr_par' dir='ltr' id='par_1_52' title="bbox 2143 2999 3691 3146">
     <span class='ocr_line' id='line_1_95' title="bbox 2143 2999 3691 3071; baseline -0.005 -12"><span class='ocrx_word' id='word_1_566' title='bbox 2143 3005 2328 3060; x_wconf 68' lang='lat' dir='ltr'>Merita</span> <span class='ocrx_word' id='word_1_567' title='bbox 2371 3005 2555 3058; x_wconf 78' lang='lat' dir='ltr'>futura</span> <span class='ocrx_word' id='word_1_568' title='bbox 2589 3005 2867 3070; x_wconf 85' lang='lat' dir='ltr'>quomodo</span> <span class='ocrx_word' id='word_1_569' title='bbox 2900 3015 3015 3056; x_wconf 82' lang='lat' dir='ltr'>esse</span> <span class='ocrx_word' id='word_1_570' title='bbox 3050 3003 3269 3071; x_wconf 87' lang='lat' dir='ltr'>possint</span> <span class='ocrx_word' id='word_1_571' title='bbox 3308 3013 3483 3056; x_wconf 72' lang='lat' dir='ltr'>eausa</span> <span class='ocrx_word' id='word_1_572' title='bbox 3512 2999 3691 3066; x_wconf 63' lang='lat' dir='ltr'>premii</span> 
     </span>
     <span class='ocr_line' id='line_1_96' title="bbox 2206 3080 2671 3146; baseline -0.004 -12"><span class='ocrx_word' id='word_1_573' title='bbox 2206 3087 2335 3136; x_wconf 86' lang='lat' dir='ltr'>ante</span> <span class='ocrx_word' id='word_1_574' title='bbox 2364 3080 2567 3146; x_wconf 84' lang='lat' dir='ltr'>eollati,</span> <span class='ocrx_word' id='word_1_575' title='bbox 2595 3080 2671 3134; x_wconf 88' lang='lat' dir='ltr'>ib.</span> 
     </span>
    </p>

    <p class='ocr_par' dir='ltr' id='par_1_53' title="bbox 2144 3150 3707 3362">
     <span class='ocr_line' id='line_1_97' title="bbox 2144 3150 3703 3212; baseline -0.004 -3"><span class='ocrx_word' id='word_1_576' title='bbox 2144 3156 2335 3210; x_wconf 73' lang='lat' dir='ltr'>ueruit</span> <span class='ocrx_word' id='word_1_577' title='bbox 2378 3156 2623 3210; x_wconf 80' lang='lat' dir='ltr'>Christus</span> <span class='ocrx_word' id='word_1_578' title='bbox 2670 3154 3145 3212; x_wconf 76' lang='lat' dir='ltr'>continuationem</span> <span class='ocrx_word' id='word_1_579' title='bbox 3192 3150 3601 3208; x_wconf 70' lang='lat' dir='ltr'>incarnationis</span> <span class='ocrx_word' id='word_1_580' title='bbox 3616 3189 3631 3211; x_wconf 87' lang='lat'>,</span> <span class='ocrx_word' id='word_1_581' title='bbox 3660 3157 3703 3203; x_wconf 81' lang='lat' dir='ltr'>et</span> 
     </span>
     <span class='ocr_line' id='line_1_98' title="bbox 2210 3226 3707 3300; baseline -0.004 -14"><span class='ocrx_word' id='word_1_582' title='bbox 2210 3233 2448 3300; x_wconf 86' lang='lat' dir='ltr'>partium</span> <span class='ocrx_word' id='word_1_583' title='bbox 2468 3245 2567 3299; x_wconf 90' lang='lat' dir='ltr'>per</span> <span class='ocrx_word' id='word_1_584' title='bbox 2599 3231 2957 3286; x_wconf 84' lang='lat' dir='ltr'>nutritionem</span> <span class='ocrx_word' id='word_1_585' title='bbox 2982 3229 3367 3284; x_wconf 82' lang='lat' dir='ltr'>accedentium</span> <span class='ocrx_word' id='word_1_586' title='bbox 3387 3226 3707 3294; x_wconf 80' lang='lat' dir='ltr'>assumptio-</span> 
     </span>
     <span class='ocr_line' id='line_1_99' title="bbox 2210 3307 2461 3368; baseline 0.004 -8"><span class='ocrx_word' id='word_1_587' title='bbox 2210 3321 2355 3368; x_wconf 83' lang='lat' dir='ltr'>nem.</span> <span class='ocrx_word' id='word_1_588' title='bbox 2384 3307 2461 3362; x_wconf 86' lang='lat' dir='ltr'>ib.</span> 
     </span>
    </p>

    <p class='ocr_par' dir='ltr' id='par_1_54' title="bbox 2206 3380 3709 3522">
     <span class='ocr_line' id='line_1_100' title="bbox 2206 3380 3709 3451; baseline -0.004 -15"><span class='ocrx_word' id='word_1_589' title='bbox 2206 3385 2271 3436; x_wconf 84' lang='lat' dir='ltr'>Et</span> <span class='ocrx_word' id='word_1_590' title='bbox 2294 3390 2355 3438; x_wconf 92' lang='lat' dir='ltr'>ut</span> <span class='ocrx_word' id='word_1_591' title='bbox 2384 3383 2517 3438; x_wconf 91' lang='lat' dir='ltr'>unio</span> <span class='ocrx_word' id='word_1_592' title='bbox 2538 3382 2869 3451; x_wconf 81' lang='lat' dir='ltr'>hypostatica</span> <span class='ocrx_word' id='word_1_593' title='bbox 2888 3383 3085 3437; x_wconf 89' lang='lat' dir='ltr'>iterum</span> <span class='ocrx_word' id='word_1_594' title='bbox 3108 3387 3271 3448; x_wconf 78' lang='lat' dir='ltr'>atque</span> <span class='ocrx_word' id='word_1_595' title='bbox 3302 3380 3511 3434; x_wconf 83' lang='lat' dir='ltr'>iterum</span> <span class='ocrx_word' id='word_1_596' title='bbox 3546 3391 3709 3444; x_wconf 80' lang='lat' dir='ltr'>pone-</span> 
     </span>
     <span class='ocr_line' id='line_1_101' title="bbox 2208 3458 2969 3530; baseline -0.001 -18"><span class='ocrx_word' id='word_1_597' title='bbox 2208 3464 2355 3514; x_wconf 87' lang='lat' dir='ltr'>retur</span> <span class='ocrx_word' id='word_1_598' title='bbox 2382 3459 2443 3530; x_wconf 82' lang='lat' dir='ltr'>in</span> <span class='ocrx_word' id='word_1_599' title='bbox 2466 3458 2825 3522; x_wconf 78' lang='lat' dir='ltr'>Eucharistia,</span> <span class='ocrx_word' id='word_1_600' title='bbox 2846 3473 2893 3512; x_wconf 88' lang='lat' dir='ltr'>s.</span> <span class='ocrx_word' id='word_1_601' title='bbox 2919 3465 2969 3511; x_wconf 78' lang='lat'>5.</span> 
     </span>
    </p>

    <p class='ocr_par' dir='ltr' id='par_1_55' title="bbox 2144 3521 3713 3677">
     <span class='ocr_line' id='line_1_102' title="bbox 2144 3521 3713 3601; baseline -0.002 -14"><span class='ocrx_word' id='word_1_602' title='bbox 2144 3535 2331 3587; x_wconf 77' lang='lat' dir='ltr'>Mei-eri</span> <span class='ocrx_word' id='word_1_603' title='bbox 2355 3521 2511 3588; x_wconf 78' lang='lat' dir='ltr'>alteri</span> <span class='ocrx_word' id='word_1_604' title='bbox 2534 3535 2603 3588; x_wconf 89' lang='lat' dir='ltr'>de</span> <span class='ocrx_word' id='word_1_605' title='bbox 2632 3534 2909 3601; x_wconf 82' lang='lat' dir='ltr'>condigno</span> <span class='ocrx_word' id='word_1_606' title='bbox 2942 3533 3175 3600; x_wconf 87' lang='lat' dir='ltr'>primam</span> <span class='ocrx_word' id='word_1_607' title='bbox 3206 3533 3447 3598; x_wconf 81' lang='lat' dir='ltr'>gratiam</span> <span class='ocrx_word' id='word_1_608' title='bbox 3468 3544 3581 3585; x_wconf 79' lang='lat' dir='ltr'>non</span> <span class='ocrx_word' id='word_1_609' title='bbox 3620 3544 3713 3596; x_wconf 85' lang='lat' dir='ltr'>po·</span> 
     </span>
     <span class='ocr_line' id='line_1_103' title="bbox 2207 3611 2811 3677; baseline 0 -13"><span class='ocrx_word' id='word_1_610' title='bbox 2207 3615 2307 3664; x_wconf 89' lang='lat' dir='ltr'>test</span> <span class='ocrx_word' id='word_1_611' title='bbox 2328 3624 2497 3677; x_wconf 86' lang='lat' dir='ltr'>purus</span> <span class='ocrx_word' id='word_1_612' title='bbox 2529 3613 2711 3673; x_wconf 88' lang='lat' dir='ltr'>homo,</span> <span class='ocrx_word' id='word_1_613' title='bbox 2736 3611 2811 3664; x_wconf 90' lang='lat' dir='ltr'>ib.</span> 
     </span>
    </p>

    <p class='ocr_par' dir='ltr' id='par_1_56' title="bbox 2142 3683 3638 3752">
     <span class='ocr_line' id='line_1_104' title="bbox 2142 3683 3638 3752; baseline -0.003 -14"><span class='ocrx_word' id='word_1_614' title='bbox 2142 3685 2385 3739; x_wconf 73' lang='lat' dir='ltr'>Meritum</span> <span class='ocrx_word' id='word_1_615' title='bbox 2410 3699 2519 3752; x_wconf 89' lang='lat' dir='ltr'>qua</span> <span class='ocrx_word' id='word_1_616' title='bbox 2540 3686 2749 3740; x_wconf 86' lang='lat' dir='ltr'>ratione</span> <span class='ocrx_word' id='word_1_617' title='bbox 2766 3687 2836 3740; x_wconf 89' lang='lat' dir='ltr'>ab</span> <span class='ocrx_word' id='word_1_618' title='bbox 2858 3684 3236 3752; x_wconf 84' lang='lat' dir='ltr'>impetratione</span> <span class='ocrx_word' id='word_1_619' title='bbox 3256 3683 3501 3742; x_wconf 82' lang='lat' dir='ltr'>differat,</span> <span class='ocrx_word' id='word_1_620' title='bbox 3520 3697 3569 3736; x_wconf 87' lang='lat' dir='ltr'>s.</span> <span class='ocrx_word' id='word_1_621' title='bbox 3589 3687 3638 3735; x_wconf 78' lang='grc'>6.</span> 
     </span>
    </p>

    <p class='ocr_par' dir='ltr' id='par_1_57' title="bbox 2144 3760 3365 3830">
     <span class='ocr_line' id='line_1_105' title="bbox 2144 3760 3365 3830; baseline -0.004 -15"><span class='ocrx_word' id='word_1_622' title='bbox 2144 3761 2389 3817; x_wconf 74' lang='lat' dir='ltr'>Hei-imm</span> <span class='ocrx_word' id='word_1_623' title='bbox 2410 3763 2481 3816; x_wconf 88' lang='lat' dir='ltr'>de</span> <span class='ocrx_word' id='word_1_624' title='bbox 2500 3762 2779 3830; x_wconf 81' lang='lat' dir='ltr'>condigno</span> <span class='ocrx_word' id='word_1_625' title='bbox 2804 3762 2941 3828; x_wconf 86' lang='lat' dir='ltr'>quid</span> <span class='ocrx_word' id='word_1_626' title='bbox 2964 3760 3225 3828; x_wconf 78' lang='lat' dir='ltr'>requirat,</span> <span class='ocrx_word' id='word_1_627' title='bbox 3246 3773 3295 3812; x_wconf 86' lang='lat' dir='ltr'>s.</span> <span class='ocrx_word' id='word_1_628' title='bbox 3312 3765 3365 3810; x_wconf 81' lang='lat'>5.</span> 
     </span>
    </p>

    <p class='ocr_par' dir='ltr' id='par_1_58' title="bbox 2144 3832 3715 3978">
     <span class='ocr_line' id='line_1_106' title="bbox 2144 3832 3715 3904; baseline -0.004 -14"><span class='ocrx_word' id='word_1_629' title='bbox 2144 3837 2391 3891; x_wconf 66' lang='lat' dir='ltr'>neritum</span> <span class='ocrx_word' id='word_1_630' title='bbox 2413 3838 2483 3891; x_wconf 89' lang='lat' dir='ltr'>de</span> <span class='ocrx_word' id='word_1_631' title='bbox 2507 3849 2751 3904; x_wconf 77' lang='lat' dir='ltr'>congruo</span> <span class='ocrx_word' id='word_1_632' title='bbox 2771 3849 2882 3891; x_wconf 89' lang='lat' dir='ltr'>non</span> <span class='ocrx_word' id='word_1_633' title='bbox 2906 3843 2989 3890; x_wconf 89' lang='lat' dir='ltr'>est</span> <span class='ocrx_word' id='word_1_634' title='bbox 3014 3836 3137 3890; x_wconf 89' lang='lat' dir='ltr'>sine</span> <span class='ocrx_word' id='word_1_635' title='bbox 3148 3835 3327 3904; x_wconf 75' lang='lat' dir='ltr'>gratia</span> <span class='ocrx_word' id='word_1_636' title='bbox 3350 3833 3527 3888; x_wconf 78' lang='lat' dir='ltr'>neiat</span> <span class='ocrx_word' id='word_1_637' title='bbox 3562 3832 3715 3888; x_wconf 83' lang='lat' dir='ltr'>chri-</span> 
     </span>
     <span class='ocr_line' id='line_1_107' title="bbox 2210 3913 3146 3978; baseline -0.002 -11"><span class='ocrx_word' id='word_1_638' title='bbox 2210 3914 2275 3968; x_wconf 89' lang='lat' dir='ltr'>sti</span> <span class='ocrx_word' id='word_1_639' title='bbox 2292 3931 2306 3978; x_wconf 88' lang='lat'><strong>;</strong></span> <span class='ocrx_word' id='word_1_640' title='bbox 2326 3913 2591 3970; x_wconf 79' lang='lat' dir='ltr'>fundatur</span> <span class='ocrx_word' id='word_1_641' title='bbox 2620 3913 2771 3968; x_wconf 83' lang='lat' dir='ltr'>enim</span> <span class='ocrx_word' id='word_1_642' title='bbox 2802 3913 3005 3976; x_wconf 77' lang='lat' dir='ltr'>inilia,</span> <span class='ocrx_word' id='word_1_643' title='bbox 3026 3927 3073 3966; x_wconf 85' lang='lat' dir='ltr'>s.</span> <span class='ocrx_word' id='word_1_644' title='bbox 3098 3919 3146 3965; x_wconf 73' lang='lat'>6.</span> 
     </span>
    </p>

    <p class='ocr_par' dir='ltr' id='par_1_59' title="bbox 2143 3985 3721 4128">
     <span class='ocr_line' id='line_1_108' title="bbox 2143 3985 3721 4056; baseline -0.004 -14"><span class='ocrx_word' id='word_1_645' title='bbox 2143 3988 2317 4042; x_wconf 71' lang='lat' dir='ltr'>ueriti</span> <span class='ocrx_word' id='word_1_646' title='bbox 2342 3989 2411 4044; x_wconf 91' lang='lat' dir='ltr'>de</span> <span class='ocrx_word' id='word_1_647' title='bbox 2442 3990 2720 4056; x_wconf 79' lang='lat' dir='ltr'>condigno</span> <span class='ocrx_word' id='word_1_648' title='bbox 2746 3995 2801 4044; x_wconf 90' lang='lat' dir='ltr'>et</span> <span class='ocrx_word' id='word_1_649' title='bbox 2819 3999 3061 4056; x_wconf 77' lang='lat' dir='ltr'>congruo</span> <span class='ocrx_word' id='word_1_650' title='bbox 3082 3985 3333 4042; x_wconf 77' lang='lat' dir='ltr'>essentiae</span> <span class='ocrx_word' id='word_1_651' title='bbox 3364 3991 3421 4038; x_wconf 89' lang='lat' dir='ltr'>et</span> <span class='ocrx_word' id='word_1_652' title='bbox 3452 3985 3721 4040; x_wconf 71' lang='lat' dir='ltr'>differen-</span> 
     </span>
     <span class='ocr_line' id='line_1_109' title="bbox 2208 4065 2794 4128; baseline 0 -10"><span class='ocrx_word' id='word_1_653' title='bbox 2208 4065 2301 4118; x_wconf 78' lang='lat' dir='ltr'>tiae</span> <span class='ocrx_word' id='word_1_654' title='bbox 2330 4065 2682 4128; x_wconf 81' lang='lat' dir='ltr'>abinvicem,</span> <span class='ocrx_word' id='word_1_655' title='bbox 2718 4065 2794 4118; x_wconf 89' lang='lat' dir='ltr'>ib.</span> 
     </span>
    </p>

    <p class='ocr_par' dir='ltr' id='par_1_60' title="bbox 2146 4140 3726 4284">
     <span class='ocr_line' id='line_1_110' title="bbox 2146 4140 3726 4202; baseline -0.005 -6"><span class='ocrx_word' id='word_1_656' title='bbox 2146 4143 2308 4196; x_wconf 78' lang='lat' dir='ltr'>Actus</span> <span class='ocrx_word' id='word_1_657' title='bbox 2334 4141 2649 4196; x_wconf 82' lang='lat' dir='ltr'>meritorius</span> <span class='ocrx_word' id='word_1_658' title='bbox 2664 4141 2827 4196; x_wconf 85' lang='lat' dir='ltr'>debet</span> <span class='ocrx_word' id='word_1_659' title='bbox 2842 4154 2963 4196; x_wconf 86' lang='lat' dir='ltr'>esse</span> <span class='ocrx_word' id='word_1_660' title='bbox 2987 4140 3145 4202; x_wconf 83' lang='lat' dir='ltr'>liber,</span> <span class='ocrx_word' id='word_1_661' title='bbox 3174 4141 3459 4200; x_wconf 76' lang='lat' dir='ltr'>honestus,</span> <span class='ocrx_word' id='word_1_662' title='bbox 3480 4149 3726 4202; x_wconf 79' lang='lat' dir='ltr'>pmpor-</span> 
     </span>
     <span class='ocr_line' id='line_1_111' title="bbox 2212 4215 3487 4284; baseline -0.004 -15"><span class='ocrx_word' id='word_1_663' title='bbox 2212 4217 2466 4280; x_wconf 89' lang='lat' dir='ltr'>tionatus,</span> <span class='ocrx_word' id='word_1_664' title='bbox 2500 4223 2555 4270; x_wconf 88' lang='lat' dir='ltr'>et</span> <span class='ocrx_word' id='word_1_665' title='bbox 2584 4217 2895 4283; x_wconf 77' lang='lat' dir='ltr'>condignus</span> <span class='ocrx_word' id='word_1_666' title='bbox 2914 4216 3163 4284; x_wconf 83' lang='lat' dir='ltr'>praemio,</span> <span class='ocrx_word' id='word_1_667' title='bbox 3182 4215 3241 4272; x_wconf 76' lang='lat' dir='ltr'>d.</span> <span class='ocrx_word' id='word_1_668' title='bbox 3266 4219 3349 4273; x_wconf 77' lang='grc'>39.</span> <span class='ocrx_word' id='word_1_669' title='bbox 3372 4227 3417 4267; x_wconf 83' lang='lat' dir='ltr'>s.</span> <span class='ocrx_word' id='word_1_670' title='bbox 3438 4217 3487 4265; x_wconf 85' lang='lat' dir='ltr'>t.</span> 
     </span>
    </p>

    <p class='ocr_par' dir='ltr' id='par_1_61' title="bbox 2148 4287 3725 4432">
     <span class='ocr_line' id='line_1_112' title="bbox 2148 4287 3725 4358; baseline -0.003 -12"><span class='ocrx_word' id='word_1_671' title='bbox 2148 4293 2239 4346; x_wconf 76' lang='lat' dir='ltr'>11ae</span> <span class='ocrx_word' id='word_1_672' title='bbox 2272 4292 2619 4348; x_wconf 84' lang='lat' dir='ltr'>conditiones</span> <span class='ocrx_word' id='word_1_673' title='bbox 2634 4293 2705 4348; x_wconf 86' lang='lat' dir='ltr'>ad</span> <span class='ocrx_word' id='word_1_674' title='bbox 2724 4292 2981 4348; x_wconf 87' lang='lat' dir='ltr'>meritum</span> <span class='ocrx_word' id='word_1_675' title='bbox 3007 4292 3069 4348; x_wconf 89' lang='lat' dir='ltr'>in</span> <span class='ocrx_word' id='word_1_676' title='bbox 3088 4289 3353 4358; x_wconf 85' lang='lat' dir='ltr'>operibus</span> <span class='ocrx_word' id='word_1_677' title='bbox 3366 4287 3575 4346; x_wconf 74' lang='lat' dir='ltr'>christi</span> <span class='ocrx_word' id='word_1_678' title='bbox 3590 4301 3725 4354; x_wconf 81' lang='lat' dir='ltr'>qua-</span> 
     </span>
     <span class='ocr_line' id='line_1_113' title="bbox 2212 4368 2685 4432; baseline 0.002 -11"><span class='ocrx_word' id='word_1_679' title='bbox 2212 4369 2335 4422; x_wconf 86' lang='lat' dir='ltr'>liter</span> <span class='ocrx_word' id='word_1_680' title='bbox 2364 4368 2585 4432; x_wconf 76' lang='lat' dir='ltr'>suerint,</span> <span class='ocrx_word' id='word_1_681' title='bbox 2612 4369 2685 4424; x_wconf 82' lang='lat' dir='ltr'>il).</span> 
     </span>
    </p>

    <p class='ocr_par' dir='ltr' id='par_1_62' title="bbox 2150 4437 3721 4574">
     <span class='ocr_line' id='line_1_114' title="bbox 2150 4437 3721 4511; baseline -0.001 -13"><span class='ocrx_word' id='word_1_682' title='bbox 2150 4445 2383 4499; x_wconf 82' lang='lat' dir='ltr'>Persona</span> <span class='ocrx_word' id='word_1_683' title='bbox 2424 4456 2549 4511; x_wconf 80' lang='lat' dir='ltr'>quae</span> <span class='ocrx_word' id='word_1_684' title='bbox 2584 4449 2824 4500; x_wconf 88' lang='lat' dir='ltr'>meretur</span> <span class='ocrx_word' id='word_1_685' title='bbox 2845 4484 2858 4510; x_wconf 95' lang='lat'>,</span> <span class='ocrx_word' id='word_1_686' title='bbox 2887 4444 3055 4500; x_wconf 83' lang='lat' dir='ltr'>debet.</span> <span class='ocrx_word' id='word_1_687' title='bbox 3076 4453 3197 4498; x_wconf 83' lang='lat' dir='ltr'>esse</span> <span class='ocrx_word' id='word_1_688' title='bbox 3228 4446 3380 4509; x_wconf 73' lang='lat' dir='ltr'>grata</span> <span class='ocrx_word' id='word_1_689' title='bbox 3410 4446 3472 4494; x_wconf 86' lang='lat' dir='ltr'>et</span> <span class='ocrx_word' id='word_1_690' title='bbox 3502 4437 3721 4496; x_wconf 75' lang='lat' dir='ltr'>viatrix.</span> 
     </span>
     <span class='ocr_line' id='line_1_115' title="bbox 2214 4519 2290 4574; baseline -0.053 0"><span class='ocrx_word' id='word_1_691' title='bbox 2214 4519 2290 4574; x_wconf 85' lang='lat' dir='ltr'>ib.</span> 
     </span>
    </p>

    <p class='ocr_par' dir='ltr' id='par_1_63' title="bbox 2155 4593 3717 4739">
     <span class='ocr_line' id='line_1_116' title="bbox 2155 4593 3717 4654; baseline -0.005 -4"><span class='ocrx_word' id='word_1_692' title='bbox 2155 4597 2325 4654; x_wconf 85' lang='lat' dir='ltr'>ltteriti</span> <span class='ocrx_word' id='word_1_693' title='bbox 2350 4597 2501 4652; x_wconf 81' lang='lat' dir='ltr'>valor</span> <span class='ocrx_word' id='word_1_694' title='bbox 2526 4609 2637 4651; x_wconf 89' lang='lat' dir='ltr'>non</span> <span class='ocrx_word' id='word_1_695' title='bbox 2668 4597 2845 4652; x_wconf 88' lang='lat' dir='ltr'>sotum</span> <span class='ocrx_word' id='word_1_696' title='bbox 2868 4609 2934 4650; x_wconf 78' lang='lat' dir='ltr'>ex</span> <span class='ocrx_word' id='word_1_697' title='bbox 2960 4597 3245 4650; x_wconf 84' lang='lat' dir='ltr'>honestate</span> <span class='ocrx_word' id='word_1_698' title='bbox 3284 4599 3477 4654; x_wconf 87' lang='lat' dir='ltr'>actus,</span> <span class='ocrx_word' id='word_1_699' title='bbox 3520 4593 3621 4646; x_wconf 82' lang='lat' dir='ltr'>aed</span> <span class='ocrx_word' id='word_1_700' title='bbox 3656 4605 3717 4642; x_wconf 73' lang='lat' dir='ltr'>ex</span> 
     </span>
     <span class='ocr_line' id='line_1_117' title="bbox 2218 4668 3411 4739; baseline -0.003 -13"><span class='ocrx_word' id='word_1_701' title='bbox 2218 4673 2495 4726; x_wconf 87' lang='lat' dir='ltr'>sanctitate</span> <span class='ocrx_word' id='word_1_702' title='bbox 2514 4685 2761 4739; x_wconf 82' lang='lat' dir='ltr'>personae</span> <span class='ocrx_word' id='word_1_703' title='bbox 2788 4671 3065 4737; x_wconf 87' lang='lat' dir='ltr'>operantis</span> <span class='ocrx_word' id='word_1_704' title='bbox 3086 4670 3307 4738; x_wconf 88' lang='lat' dir='ltr'>pendet,</span> <span class='ocrx_word' id='word_1_705' title='bbox 3330 4668 3411 4722; x_wconf 84' lang='lat' dir='ltr'>ib.</span> 
     </span>
    </p>

    <p class='ocr_par' dir='ltr' id='par_1_64' title="bbox 2153 4743 3717 4969">
     <span class='ocr_line' id='line_1_118' title="bbox 2153 4743 3717 4814; baseline -0.005 -12"><span class='ocrx_word' id='word_1_706' title='bbox 2153 4750 2235 4802; x_wconf 79' lang='lat' dir='ltr'>Ad</span> <span class='ocrx_word' id='word_1_707' title='bbox 2254 4748 2509 4803; x_wconf 88' lang='lat' dir='ltr'>meritum</span> <span class='ocrx_word' id='word_1_708' title='bbox 2530 4749 2599 4802; x_wconf 90' lang='lat' dir='ltr'>de</span> <span class='ocrx_word' id='word_1_709' title='bbox 2621 4747 2829 4814; x_wconf 80' lang='lat' dir='ltr'>justitia</span> <span class='ocrx_word' id='word_1_710' title='bbox 2852 4746 3156 4802; x_wconf 82' lang='lat' dir='ltr'>necessario</span> <span class='ocrx_word' id='word_1_711' title='bbox 3180 4743 3489 4811; x_wconf 73' lang='lat' dir='ltr'>requiritur</span> <span class='ocrx_word' id='word_1_712' title='bbox 3508 4749 3717 4810; x_wconf 71' lang='lat' dir='ltr'>partum</span> 
     </span>
     <span class='ocr_line' id='line_1_119' title="bbox 2216 4819 3711 4894; baseline -0.008 -14"><span class='ocrx_word' id='word_1_713' title='bbox 2216 4841 2283 4880; x_wconf 81' lang='lat' dir='ltr'>ex</span> <span class='ocrx_word' id='word_1_714' title='bbox 2304 4833 2455 4894; x_wconf 87' lang='lat' dir='ltr'>parte</span> <span class='ocrx_word' id='word_1_715' title='bbox 2478 4827 2575 4882; x_wconf 79' lang='lat' dir='ltr'>Dei</span> <span class='ocrx_word' id='word_1_716' title='bbox 2608 4825 2711 4881; x_wconf 85' lang='lat' dir='ltr'>sub</span> <span class='ocrx_word' id='word_1_717' title='bbox 2734 4825 3055 4880; x_wconf 88' lang='lat' dir='ltr'>conditione</span> <span class='ocrx_word' id='word_1_718' title='bbox 3084 4823 3287 4890; x_wconf 85' lang='lat' dir='ltr'>operis,</span> <span class='ocrx_word' id='word_1_719' title='bbox 3310 4821 3414 4876; x_wconf 80' lang='lat' dir='ltr'>ib.:</span> <span class='ocrx_word' id='word_1_720' title='bbox 3440 4833 3573 4888; x_wconf 74' lang='lat' dir='ltr'>quae</span> <span class='ocrx_word' id='word_1_721' title='bbox 3586 4819 3711 4872; x_wconf 83' lang='lat' dir='ltr'>nihil</span> 
     </span>
     <span class='ocr_line' id='line_1_120' title="bbox 2215 4902 2637 4969; baseline -0.009 -13"><span class='ocrx_word' id='word_1_722' title='bbox 2215 4903 2266 4956; x_wconf 87' lang='lat' dir='ltr'>ei</span> <span class='ocrx_word' id='word_1_723' title='bbox 2291 4903 2531 4969; x_wconf 82' lang='lat' dir='ltr'>derogat,</span> <span class='ocrx_word' id='word_1_724' title='bbox 2561 4902 2637 4955; x_wconf 87' lang='lat' dir='ltr'>ib.</span> 
     </span>
    </p>

    <p class='ocr_par' dir='ltr' id='par_1_65' title="bbox 2152 4973 3707 5121">
     <span class='ocr_line' id='line_1_121' title="bbox 2152 4973 3707 5040; baseline -0.006 -8"><span class='ocrx_word' id='word_1_725' title='bbox 2152 4979 2403 5032; x_wconf 69' lang='lat' dir='ltr'>Meritum</span> <span class='ocrx_word' id='word_1_726' title='bbox 2422 4983 2503 5032; x_wconf 89' lang='lat' dir='ltr'>est</span> <span class='ocrx_word' id='word_1_727' title='bbox 2518 4983 2671 5032; x_wconf 87' lang='lat' dir='ltr'>actus</span> <span class='ocrx_word' id='word_1_728' title='bbox 2700 4977 2789 5030; x_wconf 89' lang='lat' dir='ltr'>cui</span> <span class='ocrx_word' id='word_1_729' title='bbox 2824 4988 3035 5030; x_wconf 86' lang='lat' dir='ltr'>merces</span> <span class='ocrx_word' id='word_1_730' title='bbox 3054 4975 3349 5040; x_wconf 78' lang='lat' dir='ltr'>exjustitia</span> <span class='ocrx_word' id='word_1_731' title='bbox 3372 4974 3435 5026; x_wconf 87' lang='lat' dir='ltr'>in</span> <span class='ocrx_word' id='word_1_732' title='bbox 3464 4973 3707 5040; x_wconf 71' lang='lat' dir='ltr'>proedieta</span> 
     </span>
     <span class='ocr_line' id='line_1_122' title="bbox 2218 5051 3216 5121; baseline -0.007 -12"><span class='ocrx_word' id='word_1_733' title='bbox 2218 5055 2577 5121; x_wconf 80' lang='lat' dir='ltr'>promissione</span> <span class='ocrx_word' id='word_1_734' title='bbox 2610 5053 2837 5108; x_wconf 79' lang='lat' dir='ltr'>fundata</span> <span class='ocrx_word' id='word_1_735' title='bbox 2866 5051 3115 5116; x_wconf 84' lang='lat' dir='ltr'>debetur,</span> <span class='ocrx_word' id='word_1_736' title='bbox 3140 5051 3216 5103; x_wconf 86' lang='lat' dir='ltr'>ib.</span> 
     </span>
    </p>

    <p class='ocr_par' dir='ltr' id='par_1_66' title="bbox 2216 5122 3711 5342">
     <span class='ocr_line' id='line_1_123' title="bbox 2216 5122 3711 5198; baseline -0.009 -15"><span class='ocrx_word' id='word_1_737' title='bbox 2216 5132 2413 5198; x_wconf 85' lang='lat' dir='ltr'>Estque</span> <span class='ocrx_word' id='word_1_738' title='bbox 2440 5129 2741 5183; x_wconf 78' lang='lat' dir='ltr'>fortnaliter</span> <span class='ocrx_word' id='word_1_739' title='bbox 2766 5129 2825 5180; x_wconf 86' lang='lat' dir='ltr'>in</span> <span class='ocrx_word' id='word_1_740' title='bbox 2846 5128 3061 5182; x_wconf 82' lang='lat' dir='ltr'>act-ibus</span> <span class='ocrx_word' id='word_1_741' title='bbox 3077 5141 3112 5179; x_wconf 88' lang='lat' dir='ltr'>a</span> <span class='ocrx_word' id='word_1_742' title='bbox 3128 5125 3411 5180; x_wconf 80' lang='lat' dir='ltr'>voluntate</span> <span class='ocrx_word' id='word_1_743' title='bbox 3422 5123 3643 5182; x_wconf 77' lang='lat' dir='ltr'>elicitiS,</span> <span class='ocrx_word' id='word_1_744' title='bbox 3664 5122 3711 5170; x_wconf 86' lang='lat' dir='ltr'>in</span> 
     </span>
     <span class='ocr_line' id='line_1_124' title="bbox 2222 5200 3711 5274; baseline -0.006 -16"><span class='ocrx_word' id='word_1_745' title='bbox 2222 5206 2500 5274; x_wconf 84' lang='lat' dir='ltr'>imperatis</span> <span class='ocrx_word' id='word_1_746' title='bbox 2527 5217 2655 5260; x_wconf 78' lang='lat' dir='ltr'>vero</span> <span class='ocrx_word' id='word_1_747' title='bbox 2676 5203 2853 5260; x_wconf 86' lang='lat' dir='ltr'>solum</span> <span class='ocrx_word' id='word_1_748' title='bbox 2889 5217 2990 5272; x_wconf 89' lang='lat' dir='ltr'>per</span> <span class='ocrx_word' id='word_1_749' title='bbox 3006 5203 3367 5257; x_wconf 85' lang='lat' dir='ltr'>extrinsecam</span> <span class='ocrx_word' id='word_1_750' title='bbox 3390 5200 3711 5254; x_wconf 82' lang='lat' dir='ltr'>denomina-</span> 
     </span>
     <span class='ocr_line' id='line_1_125' title="bbox 2222 5283 2599 5342; baseline -0.008 -6"><span class='ocrx_word' id='word_1_751' title='bbox 2222 5283 2445 5342; x_wconf 85' lang='lat' dir='ltr'>tionem,</span> <span class='ocrx_word' id='word_1_752' title='bbox 2478 5296 2523 5334; x_wconf 88' lang='lat' dir='ltr'>s.</span> <span class='ocrx_word' id='word_1_753' title='bbox 2548 5285 2599 5333; x_wconf 79' lang='lat'>2.</span> 
     </span>
    </p>

    <p class='ocr_par' dir='ltr' id='par_1_67' title="bbox 2154 5351 3706 5425">
     <span class='ocr_line' id='line_1_126' title="bbox 2154 5351 3706 5425; baseline -0.006 -13"><span class='ocrx_word' id='word_1_754' title='bbox 2154 5359 2217 5413; x_wconf 87' lang='lat' dir='ltr'>ln</span> <span class='ocrx_word' id='word_1_755' title='bbox 2236 5355 2531 5412; x_wconf 87' lang='lat' dir='ltr'>animabus</span> <span class='ocrx_word' id='word_1_756' title='bbox 2553 5357 2849 5425; x_wconf 79' lang='lat' dir='ltr'>purgatorii</span> <span class='ocrx_word' id='word_1_757' title='bbox 2868 5360 2927 5411; x_wconf 83' lang='lat' dir='ltr'>et</span> <span class='ocrx_word' id='word_1_758' title='bbox 2939 5355 3115 5410; x_wconf 84' lang='lat' dir='ltr'>beatis</span> <span class='ocrx_word' id='word_1_759' title='bbox 3134 5364 3253 5410; x_wconf 82' lang='lat' dir='ltr'>non</span> <span class='ocrx_word' id='word_1_760' title='bbox 3270 5351 3571 5418; x_wconf 80' lang='lat' dir='ltr'>reperitur,</span> <span class='ocrx_word' id='word_1_761' title='bbox 3592 5363 3635 5402; x_wconf 88' lang='lat' dir='ltr'>s.</span> <span class='ocrx_word' id='word_1_762' title='bbox 3665 5351 3706 5397; x_wconf 76' lang='grc'>3.</span> 
     </span>
    </p>

    <p class='ocr_par' dir='ltr' id='par_1_68' title="bbox 2156 5426 3708 5580">
     <span class='ocr_line' id='line_1_127' title="bbox 2156 5426 3708 5499; baseline -0.008 -11"><span class='ocrx_word' id='word_1_763' title='bbox 2156 5435 2329 5488; x_wconf 83' lang='lat' dir='ltr'>Omne</span> <span class='ocrx_word' id='word_1_764' title='bbox 2360 5434 2609 5488; x_wconf 85' lang='lat' dir='ltr'>meritum</span> <span class='ocrx_word' id='word_1_765' title='bbox 2630 5433 2699 5487; x_wconf 91' lang='lat' dir='ltr'>de</span> <span class='ocrx_word' id='word_1_766' title='bbox 2725 5433 3000 5499; x_wconf 75' lang='lat' dir='ltr'>condigno</span> <span class='ocrx_word' id='word_1_767' title='bbox 3020 5431 3285 5485; x_wconf 80' lang='lat' dir='ltr'>fundatur</span> <span class='ocrx_word' id='word_1_768' title='bbox 3310 5429 3369 5482; x_wconf 87' lang='lat' dir='ltr'>in</span> <span class='ocrx_word' id='word_1_769' title='bbox 3404 5426 3708 5495; x_wconf 77' lang='lat' dir='ltr'>cognitione</span> 
     </span>
     <span class='ocr_line' id='line_1_128' title="bbox 2220 5511 2990 5580; baseline -0.017 -9"><span class='ocrx_word' id='word_1_770' title='bbox 2220 5512 2639 5580; x_wconf 74' lang='lat' dir='ltr'>supernaturali,</span> <span class='ocrx_word' id='word_1_771' title='bbox 2674 5511 2729 5564; x_wconf 87' lang='lat' dir='ltr'>d.</span> <span class='ocrx_word' id='word_1_772' title='bbox 2766 5513 2847 5576; x_wconf 76' lang='lat' dir='ltr'>to,</span> <span class='ocrx_word' id='word_1_773' title='bbox 2874 5525 2917 5564; x_wconf 86' lang='lat' dir='ltr'>s.</span> <span class='ocrx_word' id='word_1_774' title='bbox 2940 5515 2990 5560; x_wconf 73' lang='lat' dir='ltr'>a.</span> 
     </span>
    </p>
   </div>
   <div class='ocr_carea' id='block_1_22' title="bbox 3868 0 3880 852">
    <p class='ocr_par' dir='ltr' id='par_1_69' title="bbox 3868 0 3880 852">
     <span class='ocr_line' id='line_1_129' title="bbox 3868 0 3880 852; baseline 0 0"><span class='ocrx_word' id='word_1_775' title='bbox 3868 0 3880 852; x_wconf 95' lang='lat' dir='ltr'> </span> 
     </span>
    </p>
   </div>
   <div class='ocr_carea' id='block_1_23' title="bbox 3866 1041 3882 2122">
    <p class='ocr_par' dir='ltr' id='par_1_70' title="bbox 3866 1041 3882 2122">
     <span class='ocr_line' id='line_1_130' title="bbox 3866 1041 3882 2122; baseline 0 0"><span class='ocrx_word' id='word_1_776' title='bbox 3866 1041 3882 2122; x_wconf 95' lang='lat' dir='ltr'> </span> 
     </span>
    </p>
   </div>
   <div class='ocr_carea' id='block_1_24' title="bbox 3853 2521 3892 5645">
    <p class='ocr_par' dir='ltr' id='par_1_71' title="bbox 3853 2521 3892 5645">
     <span class='ocr_line' id='line_1_131' title="bbox 3853 2521 3892 5645; baseline 0 0"><span class='ocrx_word' id='word_1_777' title='bbox 3853 2521 3892 5645; x_wconf 95' lang='lat' dir='ltr'> </span> 
     </span>
    </p>
   </div>
  </div>
 </body>
</html>
