3892 6167
1345 399 1664 453 DISPUTAT.
1700 397 1865 450 xle.
1902 397 2072 450 SECT.
2107 399 2144 450 1.

146 510 311 564 cont.
347 501 601 576 Arimi„
636 499 739 560 ubi
769 499 875 574 ait,
907 497 1218 560 Christum
1252 499 1566 560 interdum
1604 515 1720 558 vo-

146 597 269 657 cari
296 611 551 658 ser-oum
584 592 997 676 appellatione,
1030 610 1147 654 non
1173 594 1451 668 veritate,
1478 593 1561 655 acl
1589 609 1719 656 eum

146 691 382 752 modum
418 689 695 770 (inquit)
724 707 835 768 quo
868 689 1045 766 filius
1090 706 1151 751 se
1178 689 1325 751 solet
1356 705 1591 752 servum
1620 705 1720 748 no-

145 781 413 858 minare;
446 789 513 843 et
548 781 625 844 ad
670 783 790 843 hoc
824 781 1082 842 inferius
1130 779 1383 843 adducit
1426 781 1719 843 differen-

146 876 293 936 tiam
324 893 363 936 a
390 866 595 936 Paulo
626 873 787 938 inter
824 875 1108 954 Moysem
1143 879 1205 936 et
1234 875 1547 936 Christum
1576 893 1720 936 con-

147 969 453 1040 stitutam,
488 969 574 1030 ad
600 964 754 1032 neh.
779 969 838 1046 3,
873 967 1122 1030 dicente
1152 987 1166 1030 :
1198 967 1291 1032 Et
1320 967 1561 1048 Moyses
1590 967 1719 1050 qui-

149 1065 271 1128 dem
299 1063 519 1139 fidelis
552 1069 679 1127 erat
706 1067 774 1128 in
802 1067 931 1127 tota
958 1061 1123 1126 domo
1150 1062 1281 1142 ejus
1308 1068 1597 1143 tanquam
1626 1065 1723 1139 fa-

148 1152 381 1232 mulus',
420 1152 708 1222 Christus
738 1173 871 1220 vero
906 1159 1194 1236 tanquam
1240 1155 1413 1232 filius
1440 1156 1503 1218 in
1551 1155 1720 1218 darno

151 1269 279 1313 sua.
303 1249 619 1328 Tertium,
641 1247 893 1310 Eusebii
919 1249 1254 1325 Emissem,
1280 1247 1470 1328 quiin
1501 1247 1715 1309 homil.

154 1345 188 1404 6
216 1341 293 1402 de
336 1343 600 1420 pasch„
632 1343 780 1405 dicit
831 1341 1111 1404 oblatum
1168 1359 1305 1404 esse
1342 1359 1457 1422 pro
1507 1347 1720 1404 nostro

154 1439 407 1516 peccato
440 1437 766 1498 hominem
786 1436 1050 1517 justum,
1074 1436 1304 1516 qualem
1327 1440 1534 1499 nostra
1556 1435 1721 1516 reyio

151 1547 263 1592 non
296 1531 481 1593 habet
498 1552 527 1602 ,·
554 1531 701 1612 quia
738 1549 838 1594 nec
866 1531 1169 1618 subvenire
1202 1537 1441 1611 peccato
1480 1533 1725 1612 poterat

153 1623 341 1685 simili
390 1629 638 1704 peccato
690 1623 1006 1700 obnoxius,
1053 1641 1157 1686 nec
1206 1621 1565 1687 intervenire
1610 1639 1725 1704 pro

154 1717 343 1777 servis
383 1715 687 1781 astrictus
716 1715 947 1802 lepibus
983 1715 1320 1781 servitutis.
1352 1715 1531 1779 Unde
1561 1715 1723 1777 infra

159 1807 468 1870 concludit
520 1809 919 1873 offerendum
968 1809 1160 1872 fuisse
1207 1829 1374 1886 eum,
1421 1811 1528 1892 qui
1574 1815 1724 1874 esset

155 1901 411 1979 ejusdem
444 1904 728 1985 poneris,
760 1905 865 1968 sed
885 1921 1003 1966 non
1030 1903 1289 1983 ejusdem
1321 1904 1679 1968 conditionis
1698 1948 1720 1979 ,

158 2003 205 2058 et
250 1995 419 2075 lonye
454 1995 719 2060 alterius
760 1994 1087 2060 libertatis.
1122 1995 1421 2067 Quartum
1452 2006 1545 2057 est
1570 1995 1723 2058 Leo—

156 2091 246 2150 nis
272 2089 486 2168 Papae,
514 2105 709 2152 serm.
742 2095 771 2154 1
807 2090 885 2151 de
916 2089 1196 2166 Nativit.,
1225 2089 1330 2151 ubi
1360 2091 1448 2150 sic
1472 2089 1674 2169 inquit
1701 2108 1718 2152 ε

160 2180 486 2262 Assumpta
532 2189 627 2248 est
668 2185 735 2246 de
778 2185 973 2246 matre
1006 2183 1269 2246 nominis
1307 2189 1556 2261 natura,
1604 2201 1721 2246 non

160 2275 361 2356 culpa;
405 2285 618 2343 creata
660 2283 749 2342 est
790 2281 991 2358 forma
1031 2277 1189 2342 servi
1232 2277 1361 2341 sine
1394 2279 1722 2342 conditione

161 2369 384 2445 servili,
410 2371 564 2452 quia
589 2386 776 2434 novus
805 2371 973 2434 bomo
1008 2369 1103 2434 sic
1130 2375 1601 2451 contemperatus
1633 2375 1722 2434 est

162 2463 354 2538 ceteri,
380 2470 451 2526 ut
479 2469 541 2530 et
571 2465 883 2529 veritatem
912 2464 1239 2548 susciperet
1261 2466 1521 2546 pencris,
1552 2469 1605 2527 et
1632 2465 1719 2526 ci-

166 2556 305 2618 tium
345 2555 697 2622 eaecluderet
736 2561 1077 2622 vetustatis.
1113 2557 1435 2635 Quintum,
1478 2575 1555 2619 ex
1600 2559 1721 2619 Au—

166 2649 423 2728 gustin,
454 2655 710 2713 tractat.
744 2651 781 2712 3
807 2651 872 2712 in
902 2649 1112 2723 Joan.,
1148 2652 1311 2714 circa
1342 2651 1446 2713 illa
1476 2651 1666 2713 verba
1701 2671 1714 2712 :

168 2741 281 2805 Lea·
302 2761 413 2824 per
452 2745 732 2826 Mopsem
773 2743 918 2810 data
953 2751 1075 2823 est,
1110 2751 1227 2808 otc.
1266 2765 1279 2805 :
1314 2745 1441 2809 Per
1484 2765 1719 2810 servum

170 2835 395 2918 (inquit)
440 2839 541 2902 lea:
591 2839 736 2902 data
778 2843 885 2914 est,
913 2856 1024 2919 per
1055 2839 1474 2920 imperatorem
1516 2839 1721 2903 indul-

170 2932 375 3007 qentia.
404 2931 481 2993 Et
502 2931 675 2993 infra
700 2951 715 2994 τ
742 2932 974 2996 Servus
998 2947 1171 3016 apere
1198 2933 1513 2997 secundum
1537 2933 1719 3014 leyem

170 3027 368 3100 potest,
423 3023 655 3089 solvere
704 3039 743 3088 a
787 3027 979 3090 realis
1029 3025 1181 3108 leyis
1226 3045 1341 3089 non
1387 3031 1602 3108 potest.
1649 3027 1721 3088 Iu

172 3114 423 3180 Concilio
474 3118 675 3181 etiam
724 3119 911 3181 citato
963 3117 1311 3180 afferuntur
1362 3121 1484 3180 alia
1528 3121 1721 3181 verba

174 3207 513 3290 Augustini,
544 3229 621 3274 ex
651 3211 924 3292 quadam
953 3213 1090 3294 ejus
1116 3209 1329 3273 homil.
1361 3214 1439 3274 36
1467 3230 1480 3273 :
1514 3213 1721 3275 Domi—

172 3319 275 3365 nus
303 3311 503 3370 noster
545 3306 731 3370 etiam
779 3309 846 3370 in
890 3309 1096 3386 forma
1130 3307 1289 3369 servi
1330 3323 1449 3370 non
1483 3323 1715 3384 servus,

172 3397 264 3456 sed
287 3397 350 3460 in
372 3403 579 3475 forma
603 3401 784 3462 etiam
808 3399 968 3464 servi
988 3397 1261 3463 dominus
1283 3401 1433 3478 neit.
1459 3397 1717 3462 Sextum

172 3487 239 3547 sit
272 3489 474 3570 Cyrill.
530 3491 865 3567 Alexand„
894 3489 962 3552 in
1004 3491 1404 3572 Expositione
1440 3491 1718 3572 Symboli

174 3579 386 3659 moeni,
411 3585 586 3648 circa
609 3581 911 3656 medium,
931 3581 1193 3646 dicentis
1217 3603 1231 3643 :
1256 3581 1504 3666 Accepit
1523 3585 1721 3648 autem

176 3673 411 3748 (st-ilicet
439 3677 757 3756 Verbum)
786 3677 1052 3753 formam
1080 3677 1243 3741 servi
1272 3681 1341 3740 ut
1371 3677 1570 3752 liberi,
1603 3693 1721 3739 non

178 3783 365 3832 servus
400 3775 673 3835 existens
692 3771 775 3834 ad
798 3769 1098 3836 libertatis
1119 3771 1305 3834 rediit
1330 3771 1611 3854 plor-iam.
1639 3771 1723 3833 In

178 3861 564 3929 similitudine
586 3865 891 3928 hominum
917 3869 1117 3941 factus
1146 3869 1251 3938 est,
1283 3863 1409 3944 qui,
1432 3861 1498 3926 in
1517 3865 1722 3940 forma

182 3957 227 4014 et
248 3955 311 4017 iu
336 3955 563 4022 Patris
604 3957 948 4037 aequalitate
976 3972 1098 4020 non
1128 3957 1295 4020 homo
1334 3956 1623 4032 emistens,
1654 3961 1723 4018 ut

180 4045 333 4122 fieret
375 4049 441 4115 in
492 4051 899 4116 similitudine
938 4051 1057 4114 Dei
1105 4051 1425 4115 secundum
1461 4051 1725 4131 partici-

180 4139 333 4216 pium
359 4143 759 4226 locupletatus
779 4149 887 4209 est.
911 4146 980 4206 In
1007 4145 1233 4226 quibus
1255 4143 1461 4206 verbis
1491 4143 1725 4205 ultimis

184 4231 469 4313 signifieat
497 4237 777 4300 radicem
804 4237 887 4300 oh
917 4255 1108 4320 quam
1136 4235 1417 4301 Christus
1440 4243 1510 4299 ut
1532 4237 1721 4298 homo

186 4338 299 4387 nou
328 4337 419 4393 est
444 4345 687 4409 servus,
720 4331 987 4410 scilicet,
1022 4331 1166 4412 quia
1197 4331 1555 4393 humanitas
1587 4331 1723 4412 ejus

188 4423 514 4487 seeundum
548 4425 941 4506 participium
971 4425 1305 4488 divinitatis
1346 4424 1725 4505 locupletata

190 4519 291 4574 est.
320 4519 665 4599 Septimum
696 4519 773 4581 sit
798 4519 1173 4582 Theodoreti
1204 4516 1272 4580 in
1307 4517 1727 4599 impugnatio-

190 4619 259 4664 ne
320 4613 471 4675 sexti
549 4613 1051 4676 anathematismi
1120 4611 1329 4694 Cyrini
1398 4612 1662 4674 dicentis
1706 4625 1723 4670 τ

192 4697 456 4771 Quamvis
484 4705 811 4787 Apostolus
849 4715 1137 4772 naturam
1184 4723 1223 4772 a
1260 4707 1441 4774 Verbo
1491 4723 1728 4770 assum-

187 4795 360 4873 ptam,
386 4801 644 4878 sormam
684 4803 845 4865 servi
886 4801 1165 4882 appellet,
1196 4801 1341 4884 quia
1368 4817 1439 4864 ecs
1465 4815 1525 4864 se
1563 4803 1619 4864 et
1658 4804 1731 4863 ut

188 4887 343 4960 Prior
364 4895 769 4974 assumptione
789 4893 935 4958 talis
955 4901 1065 4969 est,
1092 4900 1313 4968 tamen,
1335 4895 1571 4958 unitate
1591 4892 1729 4972 fac·

196 4979 270 5050 ἴα,
313 5000 424 5046 non
464 4986 633 5050 ultra
679 4987 873 5052 locum
923 4987 1093 5051 habet
1136 4987 1453 5050 servitutis
1495 5004 1724 5050 nomen.

194 5067 351 5135 Unde
378 5077 645 5142 inferius
666 5101 741 5143 ea
779 5081 917 5144 loca
960 5081 1200 5143 Veteris
1223 5079 1631 5158 Testamenti,
1660 5079 1727 5140 tn

198 5165 401 5239 tinibus
430 5173 703 5237 Christus
746 5193 963 5238 servus
1002 5181 1279 5250 vocatur,
1314 5173 1546 5236 indicat
1589 5188 1727 5235 esse

198 5252 579 5344 intelligenda
608 5267 850 5330 ratione
876 5273 1115 5330 natura:
1142 5273 1495 5350 assumptae,
1512 5267 1595 5329 ad
1625 5283 1728 5329 ex·

200 5349 529 5439 plicandam
570 5363 991 5428 conditionem
1032 5379 1223 5442 quam
1268 5383 1344 5426 ex
1387 5383 1454 5426 se
1501 5363 1726 5441 hahet,

202 5455 312 5507 non
338 5457 557 5517 statum
584 5473 774 5538 quem
822 5457 1009 5521 hahet
1034 5463 1177 5540 post
1204 5457 1527 5520 unionem.

275 5541 324 5603 3·
368 5547 657 5614 Octavum
688 5557 748 5617 et
770 5551 1152 5636 praecipuum
1182 5548 1607 5618 testimonium
1636 5555 1732 5615 est

3245 391 3366 454 403

1802 499 2090 558 Damaso.
2119 542 2138 574 ,
2171 493 2277 558 lib.
2302 499 2338 558 3
2367 495 2446 558 de
2469 493 2654 570 Fide,
2689 511 2750 556 o.
2779 495 2852 556 12
2877 539 2891 568 ,
2930 494 2991 554 in
3018 509 3141 574 quo
3163 540 3178 570 ,
3207 501 3367 558 trac-

1800 597 1941 652 tans
1976 591 2054 652 de
2085 590 2436 670 ignorantia
2471 595 2533 650 et
2555 587 2854 650 servitute
2883 593 3170 667 respectu
3199 590 3369 651 Chri-

1802 685 1901 760 sti,
1935 683 2158 745 eodem
2188 683 2377 744 modo
2408 681 2486 743 de
2515 681 2636 743 illis
2657 679 2957 759 loquitur,
2995 685 3057 742 et
3084 699 3261 762 aeque
3291 683 3367 744 il-

1799 778 1893 839 las
1940 775 2211 838 excludit
2259 775 2339 838 ab
2377 773 2496 836 hoc
2536 775 2875 855 mysteri03
2923 779 2985 837 et
3021 775 3084 836 in
3123 793 3369 838 summa

1804 871 1913 948 ait,
1944 871 1993 932 si
2021 876 2245 932 natura
2267 869 2546 931 humana
2572 873 2890 949 assumpta
2927 869 3270 932 secundum
3301 889 3370 932 se

1804 969 2112 1042 sumatur,
2145 971 2208 1026 et
2235 971 2446 1026 mente
2476 961 2922 1044 praescindatur
2949 983 2986 1024 a
3012 963 3242 1039 Verbo,
3273 965 3372 1025 in-

1803 1059 2004 1121 veniri
2037 1078 2113 1120 ex
2135 1077 2202 1120 se
2229 1058 2631 1138 ignorantem
2653 1062 2715 1119 et
2743 1074 3011 1132 servam,
3042 1073 3260 1118 verum
3288 1057 3368 1120 ob

1800 1171 2086 1232 personae
2127 1151 2520 1214 identitatem
2573 1157 2760 1232 atque
2805 1141 3182 1212 indivulsam
3215 1169 3368 1214 con-

1796 1245 2212 1324 junctionem,
2228 1243 2580 1306 futurarum
2605 1262 2817 1305 rerum
2846 1245 3130 1306 notitiam
3155 1263 3369 1307 conse-

1804 1344 2013 1400 cutam
2043 1356 2199 1400 esse.
2249 1335 2427 1399 Unde
2455 1337 2779 1424 subjungit
2811 1359 2824 1398 :
2865 1337 3022 1413 Quin
3050 1338 3210 1401 illud
3231 1352 3370 1420 quo-

1804 1451 1912 1514 quc
1940 1433 2242 1496 sciendum
2269 1437 2378 1506 est,
2409 1449 2538 1495 eum
2567 1450 2638 1494 nc
2657 1447 2893 1494 servum
2916 1429 3152 1512 quidem
3178 1431 3370 1494 dicere

1804 1526 1975 1588 nobis
2021 1525 2196 1589 licere
2218 1547 2246 1598 ,·
2274 1524 2582 1588 servitutis
2629 1523 2784 1587 enim
2835 1541 2905 1587 ac
2948 1524 3374 1587 dominationis

1804 1619 2090 1683 vocabula
2121 1635 2241 1681 non
2280 1625 2542 1682 naturas
2569 1618 2848 1682 indicant
2875 1661 2897 1693 ‚
2934 1618 3036 1680 sed
3071 1635 3145 1680 esc
3173 1632 3374 1680 eorum

1806 1718 1953 1777 sunt
1977 1730 2182 1796 penore
2206 1731 2336 1792 quoe
2367 1714 2446 1775 ad
2471 1711 2645 1775 aliud
2671 1713 3057 1788 referuntur,
3091 1713 3373 1792 quemad-

1803 1807 2042 1870 modum
2083 1812 2138 1869 et
2179 1807 2577 1886 paternitatis
2623 1811 2682 1870 et
2718 1803 2998 1886 filietatis
3047 1821 3212 1868 voces
3225 1831 3252 1878 ,·
3279 1805 3374 1868 noe
3425 1875 3428 1878 ⁴

1802 1899 1965 1962 enim
1991 1916 2110 1962 non
2139 1900 2480 1975 essentiam,
2506 1899 2612 1962 secl
2634 1896 3020 1980 affectionem
3047 1903 3107 1962 et
3127 1897 3373 1962 relatio-

1802 2009 1935 2056 nem
1985 1993 2344 2062 ostendunt,·
2386 2009 2528 2054 nam
2576 1991 3057 2073 quemadmodum
3094 1992 3163 2056 de
3199 1992 3371 2076 iquo-

1797 2087 2015 2150 rantia
2041 2103 2082 2150 a
2111 2085 2280 2148 nobis
2315 2085 2546 2150 dictum
2571 2087 2701 2158 est,
2747 2083 2805 2145 si
2835 2083 3092 2147 exilibus
3131 2085 3371 2164 quibus-

1802 2179 1941 2242 dam
1989 2177 2476 2258 capitationibus,
2527 2175 2598 2240 id
2634 2182 2746 2252 est,
2791 2174 3114 2240 subtilibus
3149 2177 3370 2240 mentis

1800 2271 2346 2352 imaginationibus
2375 2315 2391 2346 ,
2437 2269 2508 2333 icl
2545 2271 2705 2351 quod
2750 2275 3016 2334 creatum
3057 2275 3142 2334 est
3186 2269 3259 2334 ab
3304 2285 3392 2344 eo,

1802 2371 1960 2450 quod
1996 2367 2330 2432 increatum
2371 2372 2460 2430 est
2501 2365 2840 2448 sejunxeris
2871 2412 2890 2442 ‚
2937 2381 3083 2431 sane
3127 2367 3370 2432 servilis

1803 2463 2040 2526 ordinis
2067 2467 2216 2526 esset
2243 2479 2408 2536 caro,
2436 2461 2564 2524 nisi
2591 2461 2712 2524 Dei
2755 2457 2938 2528 Verbo
2967 2461 3248 2542 copulata
3277 2475 3370 2524 es·
3467 2508 3474 2516 .

1802 2561 1892 2620 set
1902 2580 1930 2630 ‚·
1954 2559 2021 2619 at
2041 2573 2176 2619 eum
2199 2553 2376 2619 semel
2399 2553 2456 2618 ei
2475 2553 2876 2634 personaliter
2900 2555 3078 2632 unita
3101 2555 3206 2631 sit,
3233 2571 3371 2636 quo-

1800 2667 1943 2714 nam
1965 2649 2108 2730 jam
2133 2653 2308 2729 pacto
2333 2649 2404 2712 in
2428 2645 2702 2712 servilem
2733 2647 2984 2711 classem
3009 2648 3316 2726 rediyetur
3337 2647 3369 2709 ,ἲ

1802 2749 1867 2805 et
1888 2741 2176 2823 adjungit
2197 2741 2508 2804 rationem
2536 2741 2746 2815 aliam,
2769 2739 2978 2802 dicens
2999 2755 3017 2804 τ
3042 2739 3214 2807 Nam
3233 2757 3368 2804 cum

1799 2853 1960 2900 unus
1987 2834 2274 2900 Christus
2291 2835 2399 2910 sit,
2421 2837 2522 2898 sui
2558 2835 2760 2915 ipsius
2777 2837 3049 2914 profecto
3074 2837 3128 2899 et
3159 2850 3370 2898 servus

1800 2935 1857 2994 et
1878 2930 2152 2994 dominus
2177 2946 2300 2994 esse
2325 2929 2533 3010 nequit
2544 2951 2572 3001 ,·
2601 2927 2730 2992 laceo
2755 2925 2911 2992 enim
2933 2944 3053 2990 non
3073 2944 3145 2990 ecc
3167 2943 3369 2990 eorum

1800 3039 2048 3088 numero
2069 3027 2214 3087 sunt
2233 3039 2368 3104 quoe
2392 3020 2752 3104 simpliciter
2771 3021 3081 3097 dicuntur,
3107 3021 3211 3086 sed
3234 3037 3368 3102 quoe

1803 3135 1937 3183 cum
1967 3117 2167 3197 aliquo
2197 3117 2617 3194 conferuntur.
2653 3113 2992 3194 Cujusnam
3021 3113 3212 3195 igitur
3241 3131 3368 3175 ser-

1800 3229 1919 3273 vus
1940 3211 2098 3272 erit?
2119 3207 2439 3272 Patr-isne?
2466 3225 2616 3288 ergo
2637 3226 2766 3270 non
2787 3208 2998 3270 omnia
3019 3225 3158 3289 quae
3183 3209 3368 3269 Pater

1801 3305 1996 3366 hahet
2022 3347 2044 3379 ,
2091 3301 2224 3364 Filii
2277 3319 2529 3382 quoque
2573 3307 2758 3378 suut,
2803 3301 3114 3381 siquidem
3169 3301 3368 3363 Patris

1798 3415 2012 3460 servus
2040 3401 2134 3458 est
2152 3441 2167 3471 ,
2209 3395 2306 3456 sui
2330 3394 2530 3475 ipsius
2553 3401 2767 3457 autem
2794 3395 3075 3457 minime.
3120 3395 3209 3455 Ex
3239 3411 3364 3474 quo

1800 3489 1865 3552 in
1909 3490 2037 3551 fine
2084 3487 2403 3552 concludit
2439 3507 2452 3550 :
2509 3487 2626 3562 Qui
2673 3502 2912 3552 servum
2962 3505 3092 3552 eum
3135 3487 3366 3560 dicunt,

1800 3597 1986 3646 uniam
2033 3579 2345 3647 Christum
2385 3579 2592 3644 instar
2623 3578 2910 3647 Nestorii
2941 3579 3008 3644 in
3038 3581 3184 3644 duos
3214 3579 3371 3642 dioi-

1803 3675 1975 3740 dunt.
2022 3675 2096 3736 Et
2133 3673 2214 3736 ad
2248 3673 2602 3736 testImonia
2644 3671 2712 3735 in
2753 3669 2981 3752 quibus
3017 3673 3368 3754 appellatur

1804 3787 2046 3846 serv-ue,
2091 3769 2382 3830 eamdem
2409 3768 2867 3848 expositionem
2892 3765 3170 3842 adhibet,
3209 3765 3368 3828 scili·

1806 3869 1903 3925 cet
1932 3909 1947 3938 ,
1983 3861 2151 3944 quod
2187 3861 2606 3943 appellatione
2651 3863 2896 3923 tantum
2930 3863 3016 3923 ita
3054 3859 3372 3921 interdum

1804 3965 2062 4022 vocetur
2089 3966 2344 4040 propter
2373 3964 2759 4038 assumptam
2789 3955 3092 4038 passionis
3121 3952 3372 4016 humIIi-

1803 4059 2032 4128 tatem,
2075 4059 2137 4114 et
2167 4051 2458 4114 eamdem
2485 4051 2832 4114 doctrinam
2862 4047 3132 4126 indicat,
3162 4049 3268 4111 lib.
3302 4051 3365 4126 4,

1806 4165 1944 4228 cap.
1973 4145 2012 4208 8
2040 4151 2101 4208 et
2127 4147 2225 4224 19,
2255 4162 2446 4228 quam
2473 4147 2662 4208 etiam
2685 4145 3074 4227 transcripsit
3096 4142 3362 4222 NicetaS,

1803 4239 1911 4302 lib.
1950 4241 1983 4302 3
2012 4239 2337 4313 Thesauri,
2370 4255 2422 4304 c.
2454 4241 2553 4302 38.

1887 4339 1944 4396 4.
1997 4333 2473 4418 Scripturarum
2499 4331 3186 4412 testimonia.—Terti0,
3215 4353 3368 4416 pos-

1805 4445 2019 4494 sumus
2048 4428 2473 4509 argumentari
2501 4445 2578 4488 ex
2607 4427 2924 4508 Scriptura
2946 4474 2962 4504 ‚
3005 4446 3144 4508 quae
3167 4429 3368 4508 primo
3397 4501 3404 4507 ἱ

1805 4521 1943 4585 loco
1974 4521 2296 4583 afferenda
2325 4521 2582 4592 fuisset3
2628 4525 2844 4582 tamen
2859 4565 2882 4598 ,
2929 4522 3076 4602 quia
3105 4521 3261 4582 nihil
3293 4539 3370 4582 ex

1808 4633 1883 4678 ea
1928 4619 2131 4694 potest
2181 4615 2432 4676 firmum
2477 4611 2708 4688 afferri,
2761 4613 2882 4674 nisi
2928 4611 3138 4694 aliquo
3179 4613 3368 4675 modo

1807 4708 2106 4770 fundetur
2131 4706 2197 4767 iu
2223 4706 2473 4769 Patrum
2499 4707 2889 4785 auctoritate,
2919 4707 3060 4770 ideo
3089 4707 3209 4769 hoc
3234 4707 3373 4768 loco

1808 4799 2039 4864 melius
2063 4799 2422 4862 collocatur.
2457 4799 2770 4863 Adrianus
2797 4818 2947 4882 ergo
2975 4807 3377 4881 argumenta-

1809 4899 1913 4959 tur
1956 4892 2036 4957 ah
2074 4894 2444 4956 auctoritate
2484 4893 2777 4974 negativa
2821 4895 3172 4978 Scripturas,
3225 4895 3370 4974 quia

1810 5003 2138 5068 nunquam
2167 4985 2230 5048 in
2257 4987 2656 5049 Testamento
2693 4987 2864 5051 Novo
2895 4987 3205 5064 ChristuS,
3239 5007 3377 5050 ser-

1810 5099 1923 5144 vus
1949 5079 2321 5162 appellatur.
2353 5079 2531 5152 Quod
2557 5087 2643 5142 est
2666 5079 2915 5162 signum
2939 5099 3075 5145 eam
3105 5079 3376 5163 appella—

1809 5174 2043 5238 tionem
2062 5221 2083 5253 ,
2114 5173 2221 5235 ubi
2251 5175 2315 5236 in
2341 5174 2741 5237 Testamento
2771 5174 2983 5240 Veteri
3023 5175 3336 5257 reperitur
3358 5221 3373 5250 ,

1808 5266 2000 5331 fuisse
2031 5267 2387 5348 figuratam,
2419 5285 2565 5330 eum
2589 5267 2653 5329 in
2676 5267 2872 5344 Νονο,
2903 5288 2979 5332 eo
3004 5269 3176 5348 quod
3204 5271 3267 5330 in
3300 5286 3375 5330 eo

1806 5361 1938 5444 jam
1979 5363 2057 5425 sit
2093 5363 2368 5424 revelata
2407 5361 2660 5437 veritae,
2705 5359 2888 5423 fuerit
2931 5361 3370 5442 praetermissa.

1814 5454 2126 5520 Ponderat
2153 5452 2380 5518 deinde
2407 5453 2740 5530 Adrianus,
2775 5455 2962 5516 etiam
2982 5455 3051 5516 in
3078 5455 3212 5536 ipso
3231 5475 3380 5536 pas·

1815 5549 2009 5614 sionis
2058 5555 2122 5614 et
2158 5546 2375 5613 mortis
2417 5548 2720 5626 articu10,
2766 5544 3078 5612 Christum
3109 5567 3236 5611 non
3267 5569 3380 5614 voa
