3892 6167
640 390 758 451 148

636 490 1039 556 accidentalis
1078 488 1346 553 dicenda
1374 490 1491 565 sit;
1525 490 1677 571 quia
1716 492 1873 553 etin
1912 492 2202 555 acciden-

634 586 803 649 tibus
844 590 907 647 et
950 584 1017 647 in
1046 583 1411 665 substantiis
1442 586 1705 665 reperiri
1732 590 1937 666 potest
1963 630 1982 661 ,
2031 592 2092 647 et
2121 586 2202 647 ad

638 679 1023 743 substantias
1056 683 1118 739 et
1156 678 1505 739 accidentia
1548 679 1954 759 producenda
1997 684 2203 761 potest
2284 677 2492 751 addin
2522 696 2674 759 ergo
2703 696 2830 741 non
2860 680 3068 757 potest
3094 691 3220 737 non
3249 691 3392 735 esse
3409 676 3680 737 materialis
3696 690 3730 741 et

640 771 897 837 elevari.
962 772 1201 833 Rursus
1255 770 1539 851 ejusdem
1602 770 1734 833 fere
1790 772 2051 835 rationis
2108 777 2204 836 est
2285 778 2542 835 extensa
2587 790 2663 833 ac
2689 774 2903 853 partes
2947 768 3224 843 habens,
3275 766 3330 829 si
3373 767 3572 829 entitas
3605 769 3730 849 ipsius

2279 864 2682 927 instrumenti
2735 861 3046 944 ejusmodi
3095 866 3210 923 est.
3266 861 3422 921 Item
3462 877 3572 921 non
3609 863 3730 927 retert

2279 959 2451 1039 quod
2511 960 2596 1021 ad
2652 959 2946 1021 effectum
2997 954 3384 1036 spiritualem
3437 953 3730 1020 efficiendum

2279 1053 2591 1128 elevetur,
2643 1052 2794 1131 quia
2843 1051 3122 1131 potentia
3169 1049 3308 1111 lune
3357 1046 3570 1111 nullam
3613 1052 3730 1113 hahet

2281 1147 2552 1225 speciem
2583 1146 2821 1209 realem
2875 1164 2954 1207 ex
2987 1141 3360 1207 habitudine
3387 1146 3732 1207 transcenden-

637 864 934 947 quaestiO,
966 882 1051 924 an
1092 864 1230 924 haec
1266 864 1543 945 potentia
1577 884 1703 927 una
1734 864 1833 929 vel
1875 866 2202 945 multiplex

638 956 906 1021 dicenda
950 957 1048 1029 sit,
1096 954 1198 1020 vel
1234 956 1298 1017 in
1347 956 1595 1033 eodem,
1642 956 1741 1022 vel
1788 958 1853 1020 in
1891 958 2192 1033 diversis3

638 1069 812 1124 nam,
843 1068 986 1111 cum
1015 1050 1081 1111 in
1102 1049 1293 1112 variis
1320 1051 1509 1112 rebus
1536 1051 1913 1127 inveniatur,
1960 1070 2036 1113 ex
2077 1052 2198 1115 hac

638 1147 817 1225 parte
840 1142 1087 1204 videtur
1114 1160 1253 1205 esse
1273 1143 1595 1223 multiplex
1617 1145 1679 1205 in
1704 1144 1855 1219 illis;
1884 1164 2027 1207 cum
2049 1163 2198 1207 vero

638 1237 722 1299 ad
738 1236 1107 1316 multiplices
1122 1236 1379 1298 effectus
1398 1236 1585 1299 etiam
1606 1238 1671 1299 in
1690 1238 1907 1301 eadem
1934 1258 2002 1301 re
2029 1238 2199 1299 suffi-

636 1330 782 1404 ciat,
808 1348 888 1391 ex
913 1330 1032 1390 hoc
1060 1328 1267 1410 capite
1292 1330 1543 1393 videtur
1568 1331 1759 1393 etiam
1787 1332 1853 1393 in
1886 1332 2108 1395 eadem
2131 1351 2198 1395 re

636 1422 1053 1503 multiplicari.
1096 1423 1365 1486 Aliunde
1414 1444 1567 1487 vero
1612 1432 1869 1507 propter
1906 1427 2197 1487 identita-

638 1526 768 1581 tem
802 1536 993 1597 quam
1016 1518 1209 1581 habet
1236 1538 1380 1581 cum
1408 1538 1479 1582 re
1507 1522 1571 1581 in
1604 1540 1729 1601 qua
1767 1522 2000 1593 existit,
2027 1520 2200 1583 vide-

640 1620 742 1674 tur
764 1610 1163 1673 manifestum
1200 1630 1329 1673 non
1358 1630 1547 1692 posse
1586 1614 1651 1675 in
1687 1614 1907 1675 eadem
1937 1632 2008 1676 re
2036 1615 2197 1677 mul·-

638 1705 929 1785 tiplicari,
970 1711 1033 1767 et
1060 1712 1525 1785 consequenter
1554 1726 1696 1769 cum
1730 1708 1795 1768 in
1822 1709 2102 1787 qualibet
2125 1727 2196 1771 re

641 1802 726 1863 ad
753 1798 1012 1863 eosdem
1046 1800 1305 1861 effectus
1332 1802 1734 1875 extendatur,
1783 1804 2030 1865 videtur
2059 1822 2198 1866 esse

642 1894 867 1956 eadem
904 1894 1002 1955 vel
1044 1894 1327 1972 ejusdem
1368 1896 1631 1957 rationis
1669 1894 1737 1957 in
1778 1898 2091 1960 omnibus.
2125 1900 2201 1960 Et

640 1988 939 2068 quoniam
973 1986 1069 2046 hae
1100 1986 1475 2064 quaestiones
1495 1994 1559 2050 et
1578 1988 1813 2051 similes
1836 2008 1964 2052 non
1986 1991 2199 2053 viden-

644 2087 746 2143 tur
770 2080 1003 2141 habere
1024 2079 1502 2140 convenientem
1530 2084 2030 2161 responsionem,
2053 2085 2197 2147 ideo

642 2178 993 2253 suspectam
1022 2170 1315 2233 videntur
1340 2172 1605 2236 reddere
1644 2174 1811 2237 banc
1851 2176 2194 2257 potentiam

646 2264 1152 2327 obedientialem.
1182 2265 1305 2327 Sed
1326 2312 1346 2341 ,
1376 2266 1427 2326 si
1456 2266 1595 2345 quis
1618 2274 1785 2330 recte
1816 2270 2195 2348 consideret,

636 2360 770 2421 haec
798 2358 1010 2420 omnia
1060 2357 1405 2438 comperiet
1449 2360 1535 2420 ita
1580 2361 1982 2438 interrogari,
2029 2382 2104 2424 ac
2143 2364 2199 2426 si

632 2452 911 2533 potentia
964 2457 1133 2513 esset
1184 2451 1395 2531 aliqua
1448 2454 1705 2533 propria
1746 2456 2017 2534 qualitas
2073 2456 2197 2519 dis·

632 2546 822 2607 tincta
840 2545 1064 2624 aliquo
1090 2545 1278 2607 modo
1300 2564 1380 2607 ex
1400 2553 1623 2607 natura
1650 2548 1745 2609 rei
1769 2547 1851 2609 ab
1882 2551 1980 2611 liis
2004 2550 2196 2613 rebus

628 2638 697 2698 in
738 2636 968 2717 quibus
1008 2637 1363 2714 invenitur,
1410 2656 1535 2718 quo
1580 2641 1771 2702 modo
1810 2660 1935 2703 non
1989 2643 2195 2707 solum

633 2737 953 2809 suspecta,
984 2730 1096 2791 sed
1118 2731 1305 2810 plane
1334 2732 1735 2811 impossibilis
1766 2735 1917 2797 mibi
1946 2738 2194 2800 videtur

629 2824 773 2887 talis
831 2825 1133 2903 potentia,
1182 2830 1254 2885 ut
1308 2842 1493 2904 supra
1558 2826 1717 2904 dixi3
1776 2832 2192 2909 supponendo

631 2925 843 2978 autem
894 2934 1025 2978 non
1082 2934 1221 2978 esse
1268 2934 1403 2978 rem
1443 2917 1797 2981 distinctam
1828 2966 1846 2997 ‚
1900 2922 2190 2987 tacillime

628 3010 1015 3089 quaestiones
1046 3008 1165 3071 illae
1200 3010 1650 3089 expediuntur3
1682 3013 1813 3075 imo
1842 3016 1945 3077 vix
1987 3018 2080 3077 eis
2099 3018 2191 3080 l-o-

628 3120 741 3165 cus
768 3102 1162 3181 relinquitur,
1187 3103 1556 3188 eaedemque
1583 3105 1646 3164 in
1686 3107 1966 3185 potentia
1993 3108 2191 3189 passi-

626 3214 704 3257 va
730 3196 968 3257 moveri
992 3200 1279 3275 possunt.

712 3293 853 3351 lot.
892 3288 1045 3349 Dico
1086 3289 1275 3369 igitur
1313 3290 1397 3352 ad
1436 3291 1705 3371 primam
1750 3291 2189 3374 interrogatio-

624 3401 799 3459 nem,
824 3382 1170 3463 potentiam
1222 3384 1384 3445 hanc
1426 3402 1505 3447 ex
1530 3402 1599 3447 se
1647 3404 1767 3447 nec
1794 3391 2188 3452 materialem

626 3494 791 3553 esse,
822 3494 941 3538 nec
972 3477 1477 3554 immaterialem,
1500 3479 1614 3541 sed
1643 3480 1833 3542 talem
1862 3483 2066 3559 qualis
2095 3492 2192 3549 est

621 3588 729 3633 res
770 3576 1007 3649 quaint
1036 3570 1521 3633 instrumentum
1550 3574 1927 3648 assumitur;
1955 3594 2104 3639 nam
2135 3580 2188 3640 si

624 3684 729 3729 res
750 3665 858 3727 illa
888 3664 1226 3743 spiritualis
1253 3671 1371 3738 est,
1400 3682 1591 3729 nemo
1618 3667 1879 3747 negabit
1896 3671 2020 3731 vim
2049 3672 2188 3750 ejus

628 3760 894 3820 activam
927 3774 1065 3819 esse
1094 3758 1506 3837 spiritualem,
1553 3759 1683 3822 sive
1730 3761 1810 3821 ad
1852 3779 1958 3823 res
2001 3764 2189 3843 spiri-

624 3852 831 3915 tuales
862 3852 1225 3912 efflciendas
1258 3852 1539 3915 elevetur
1566 3852 1767 3935 (quod
1808 3872 1925 3934 per
1959 3874 2028 3919 se
2069 3876 2186 3919 no-

624 3952 759 4007 tum
786 3946 938 4024 est),
970 3943 1100 4007 sive
1124 3944 1206 4006 ad
1234 3947 1592 4007 materiales
1616 3965 1718 4008 res
1744 3948 2183 4027 producendas

620 4040 723 4101 vel
753 4039 943 4099 etiam
988 4036 1297 4099 creandas
1326 4044 1713 4114 assumatur,
1747 4046 1877 4103 tum
1907 4043 2054 4121 quia
2081 4060 2182 4107 res

623 4130 759 4209 ipsa
781 4174 799 4203 ,
825 4145 965 4209 quae
994 4135 1061 4189 ut
1086 4128 1573 4191 instrumentum
1602 4134 1966 4210 assumitur,
1995 4137 2182 4215 spiri-

625 4222 815 4285 tualis
843 4227 961 4296 est,
994 4227 1129 4282 tum
1156 4222 1343 4283 etiam
1374 4224 1521 4302 quia
1548 4244 1648 4287 res
1677 4231 1739 4288 et
1772 4228 1966 4288 virtus
2001 4228 2180 4307 spiri-

616 4316 807 4379 tualis
826 4320 1033 4394 potest
1048 4332 1187 4376 esse
1206 4315 1485 4377 effectrix
1498 4317 1916 4380 materialium
1934 4336 2172 4397 rerum,

620 4408 771 4489 quia
810 4414 909 4469 est
936 4407 1171 4469 ordinis
1200 4410 1572 4489 superioria,
1602 4416 1673 4471 ut
1708 4412 1905 4473 virtus
1939 4413 2170 4489 diviua,

618 4520 759 4581 quae
798 4501 1069 4575 maxime
1101 4510 1191 4564 est
1235 4504 1607 4582 spiritualis»,
1638 4504 1918 4566 effectrix
1954 4510 2048 4569 est
2077 4524 2175 4569 re·

612 4614 757 4657 rum
785 4594 1225 4657 materialium.
1272 4595 1549 4673 Deinde,
1592 4598 1645 4657 si
1688 4614 1791 4659 res
1830 4600 2173 4662 materialis

614 4690 895 4752 elevetur
936 4688 1017 4749 ad
1047 4688 1403 4750 efficiendas
1437 4690 1594 4751 alias
1634 4708 1739 4753 res
1790 4694 2170 4769 materiales,

614 4780 789 4843 nulla
817 4787 911 4844 est
938 4780 1271 4842 difficultas
1299 4782 1467 4860 quod
1496 4784 1795 4861 potentia,
1824 4787 2172 4849 secundum

612 4892 805 4954 quam
858 4875 1158 4948 elevatur,
1190 4874 1528 4936 materialis
1576 4876 1689 4949 sit;
1732 4878 1883 4954 quia
1930 4890 1998 4939 et
2043 4896 2167 4953 res,

576 4984 749 5046 ‚qum
784 4967 1108 5043 elevatur,
1153 4972 1217 5028 et
1254 4968 1453 5044 aeti0,
1485 4974 1547 5031 et
1577 4970 1835 5031 effectus
1870 4970 1952 5032 ad
1981 4990 2171 5051 quem

606 5062 910 5136 elevatur,
946 5061 1299 5122 materialia
1350 5068 1517 5124 sunt.
1566 5063 1852 5141 Denique
1876 5108 1890 5134 ,
1921 5067 2172 5129 etiamsi

600 5172 707 5217 res
734 5153 1074 5216 materialis
1094 5154 1177 5217 ad
1199 5173 1333 5217 rem
1358 5154 1743 5233 spiritualem
1772 5155 2170 5221 efficiendam

604 5248 906 5319 elevetur,
938 5248 1239 5325 potentia,
1264 5247 1611 5309 secuudum
1644 5266 1831 5327 quam
1863 5249 2163 5327 elevatur,

602 5340 948 5403 formaliter
988 5338 1101 5417 (ut
1141 5339 1229 5401 sic
1275 5338 1517 5421 dicam)
1547 5346 1609 5403 et
1638 5342 2008 5423 simpliciter
2033 5362 2166 5407 ma-

602 5434 841 5496 terialis
869 5438 985 5505 est,
1008 5433 1159 5495 licet
1179 5433 1525 5517 secundum
1551 5434 1701 5515 quid
1728 5443 1793 5497 et
1818 5436 2166 5501 virtualiter

1862 390 2100 455 QUAEs'r.
2134 388 2264 445 xm.
2299 390 2502 446 Anne.
2537 392 2620 444 Ν.

2283 492 2478 553 tentia
2513 490 2674 553 nihil
2697 487 2874 551 alind
2901 492 2998 551 est
3025 502 3216 566 quam
3243 482 3462 549 entitas
3483 484 3638 567 ipsius
3655 498 3726 570 rei,

2283 584 2569 663 nihilque
2597 603 2674 646 ex
2705 588 2928 647 natura
2959 580 3049 643 rei
3071 580 3424 643 distinctum
3445 599 3606 661 supra
3623 586 3729 649 illam

2279 1240 2388 1301 tali
2441 1240 2523 1303 ad
2569 1240 2760 1303 talem
2797 1238 3088 1303 effectum
3103 1282 3126 1313 ,
3173 1240 3243 1298 ut
3279 1253 3469 1315 supra
3509 1243 3729 1301 ostensum

2279 1340 2394 1395 est.
2429 1335 2584 1396 ltem
2631 1352 2759 1397 non
2807 1334 3013 1395 obstat
3049 1329 3460 1411 improportio
3503 1347 3616 1411 quae
3649 1350 3730 1395 ese

2279 1426 2528 1489 videtur
2545 1428 2710 1491 inter
2735 1427 3126 1491 materialem
3149 1425 3444 1487 virtutem
3469 1432 3526 1484 et
3543 1426 3730 1505 spiritua·

2277 1519 2404 1581 lem
2434 1521 2744 1584 actionem
2777 1539 2888 1585 seu
2921 1519 3218 1583 effectum
3233 1563 3256 1594 ,
3292 1534 3442 1587 nam
3469 1517 3584 1579 haec
3608 1519 3732 1581 solum

2279 1612 2586 1693 impedire
2637 1618 2842 1693 potest
2893 1611 3374 1687 connaturalem
3413 1608 3733 1673 habitudinem

2280 1706 2444 1769 inter
2475 1708 2660 1769 talem
2680 1706 2972 1771 virtutem
2993 1704 3526 1769 instrumentalem
3548 1710 3600 1765 et
3619 1707 3732 1767 talem

2279 1800 2618 1875 actionem,
2633 1819 2760 1863 non
2785 1807 2992 1863 tamen
3016 1806 3222 1881 potest
3239 1797 3536 1877 impedire
3557 1800 3732 1859 efficien-

2280 1894 2430 1955 tiam
2451 1912 2564 1973 per
2581 1894 3161 1957 subordinationem
3188 1892 3270 1955 ad
3301 1892 3602 1971 imperium
3621 1893 3728 1971 print?
3766 1940 3769 1983 4

2279 1986 2548 2064 agentis,
2578 2006 2616 2047 a
2646 2006 2772 2067 qua
2803 1988 2944 2049 talis
2971 1987 3255 2067 potentia
3277 1984 3656 2047 obedientialis
3671 2007 3731 2046 nc»
3766 1992 3769 2035 i

2279 2080 2577 2141 minatur.
2605 2082 2808 2159 Atque
2831 2082 2950 2143 boc
2973 2098 3164 2141 sensu
3192 2077 3438 2141 dicitD.
3463 2077 3688 2151 Thomas,
3701 2088 3728 2141 tl

2281 2172 2384 2236 alii
2443 2174 2744 2254 Theologi
2793 2174 2904 2255 qui
2955 2172 3134 2235 illum
3189 2177 3562 2251 sequuntur,
3605 2191 3731 2233 saera·
3767 2210 3769 2221 ε

2280 2274 2526 2340 menta,
2569 2267 2716 2329 licet
2757 2285 2860 2329 res
2902 2265 3264 2329 materiales
3309 2264 3462 2341 sint,
3501 2264 3730 2325 elevariut
3766 2324 3769 2335 ᾗ

2281 2360 2406 2423 sint
2433 2362 2849 2425 instrumenta
2891 2360 2973 2423 ad
3009 2358 3414 2423 efficiendam
3459 2359 3730 2437 spiritualem

2279 2454 2576 2534 gratiam3
2624 2454 2758 2515 haec
2781 2458 2880 2515 est
2907 2452 3076 2517 enim
3107 2450 3552 2533 omnipotentia
3575 2452 3676 2525 Dei,
3697 2467 3730 2511 n:

2275 2552 2564 2625 respectu
2589 2547 2758 2609 illius
2787 2547 3276 2611 instrumentum
3305 2545 3604 2607 materiale
3621 2544 3730 2604 latius

2275 2646 2492 2720 pateat
2516 2640 2582 2703 in
2605 2639 2877 2719 agendo,
2899 2656 3092 2718 quam
3111 2638 3252 2718 ejus
3279 2644 3526 2712 nauita,
3542 2656 3628 2697 seu
3643 2636 3729 2699 ordo

2271 2749 2484 2793 rernm
2515 2732 2584 2794 in
2615 2750 2740 2811 quo
2769 2733 3018 2807 existit,
3049 2731 3378 2812 postulare
3405 2730 3658 2793 videatur.
3677 2731 3728 2789 Et·

2274 2826 2442 2887 enim
2465 2870 2481 2897 ,
2511 2825 2566 2887 si
2593 2825 2769 2887 multi
2805 2834 3066 2887 censent
3095 2824 3475 2905 phantasma
3509 2822 3724 2883 materiale

2273 2936 2412 2981 esse
2451 2918 2994 2987 accommodatum
3021 2918 3510 2981 instrumentum
3543 2916 3726 2979 natutale

2271 3011 2353 3073 ad
2377 3011 2846 3089 producendam
2873 3010 3338 3092 intelligibilem
3368 3011 3629 3093 speciem,
3649 3027 3726 3071 cum

2270 3110 2488 3167 tamen
2533 3123 2769 3185 negare
2799 3124 2924 3167 non
2965 3104 3212 3185 possint
3245 3105 3422 3185 quin
3458 3110 3572 3167 tota
3592 3105 3656 3165 vis
3676 3124 3728 3162 ac-

2271 3198 2421 3271 tiva,
2448 3216 2588 3277 quae
2620 3199 2684 3259 in
2720 3200 3162 3279 phantasmate
3201 3198 3454 3275 existit,
3495 3196 3727 3259 materiata

2272 3292 2384 3366 sit,
2409 3291 2562 3371 quid
2589 3293 2816 3355 mirum
2847 3290 3020 3371 quod
3045 3310 3148 3353 res
3177 3292 3516 3353 materialis
3557 3310 3642 3369 per
3671 3308 3726 3367 pa

2271 3384 2530 3447 tentiam
2555 3384 2903 3447 formaliter
2924 3384 3320 3447 materialem
3345 3384 3534 3467 possit
3557 3402 3658 3444 esse
3677 3384 3726 3441 in·

2271 3484 2694 3541 strumentum
2733 3479 2841 3541 Dei
2873 3478 2956 3539 ad
2981 3478 3343 3557 spirituales
3369 3476 3725 3540 actionestltiti

2270 3577 2482 3633 autem
2509 3577 2719 3651 potest
2739 3573 2870 3633 boec
2916 3571 3195 3652 potentia
3219 3571 3450 3633 virtute
3479 3587 3595 3631 esse
3621 3568 3725 3647 spiri-

2271 3664 2490 3741 tualis,
2523 3664 2673 3745 quia
2701 3684 2780 3729 eo
2809 3665 3000 3729 modo
3038 3684 3166 3746 quo
3217 3670 3318 3727 est
3362 3682 3558 3739 causa,
3581 3662 3723 3723 virtute

2265 3758 2544 3821 continet
2577 3760 2895 3835 effectum,
2919 3777 3050 3821 uon
3077 3759 3338 3840 quidem
3377 3756 3634 3819 eminenti
3653 3754 3725 3813 vir-

2268 3857 2420 3925 tute,
2455 3852 2568 3913 sed
2593 3853 3080 3928 instrumentali,
3103 3871 3230 3934 quo
3257 3851 3450 3916 modo
3473 3865 3723 3913 sacramen·

2265 3949 2400 4007 tum
2431 3944 2658 4007 dicitur
2697 3949 3023 4009 continere
3051 3948 3324 4027 gratiam
3353 3943 3588 4019 Christi,
3611 3948 3656 4003 et
3671 3959 3723 3999 se-

2263 4054 2411 4103 men
2455 4038 2684 4101 dicitur
2711 4040 3034 4103 continere
3069 4058 3206 4103 rem
3238 4058 3322 4103 ex
3347 4038 3454 4099 illo
3475 4035 3721 4119 producar

2261 4130 2432 4203 dam,
2463 4138 2527 4195 et
2549 4132 2866 4211 objectum
2893 4133 3017 4195 diei
3039 4140 3246 4213 potest
3275 4130 3565 4197 contineri
3583 4131 3721 4204 inspe

2261 4224 2355 4287 cie
2393 4231 2692 4304 tanquam
2713 4226 2780 4287 in
2803 4226 3065 4289 semine.

2339 4318 2479 4381 102.
2507 4318 2612 4383 An
2633 4319 2904 4398 potentia
2927 4318 3340 4383 obedientialis
3375 4319 3461 4383 sit
3479 4310 3722 4381 substantia

2255 4410 2348 4473 vel
2393 4413 2686 4475 accidens.
2720 4444 2802 4459 -
2831 4415 3030 4492 Atque
3075 4412 3224 4475 hinc
3269 4417 3534 4484 constat,
3573 4406 3720 4469 eodem

2253 4502 2440 4581 plane
2461 4504 2653 4566 modo
2683 4505 3192 4584 respondendum
3213 4522 3352 4567 esse
3373 4504 3454 4567 ad
3469 4499 3720 4565 secundam

2255 4595 2810 4678 interrogationem
2831 4621 2848 4675 ς
2871 4619 3042 4677 nam,
3065 4619 3210 4661 cum
3231 4601 3370 4661 haec
3391 4596 3630 4679 potentia
3643 4608 3718 4653 non

2255 4691 2332 4753 sit
2359 4692 2592 4772 aliquid
2632 4692 2996 4755 distinctum
3039 4693 3120 4755 ab
3161 4694 3558 4757 instrumento
3582 4681 3720 4767 quoad

2255 4785 2578 4846 entitatem
2601 4792 2666 4849 et
2682 4786 3032 4851 realitatem
3061 4805 3266 4862 suam,
3293 4786 3430 4849 talis
3458 4790 3560 4856 est,
3585 4778 3718 4859 qualis

2253 4884 2349 4941 est
2375 4896 2479 4941 res
2505 4898 2645 4959 qna».
2673 4878 2737 4941 in
2767 4881 3256 4947 instrumentum
3289 4879 3616 4943 assumitur.
3639 4872 3717 4933 L'n-

2251 4970 2356 5044 de,
2386 4973 2437 5033 si
2477 4991 2580 5035 res
2621 4974 2726 5037 illa
2773 4970 2854 5037 sit
2897 4974 3267 5053 substantia,
3297 4972 3558 5055 potentia
3591 4967 3714 5031 etiam

2251 5066 2368 5127 erit
2409 5066 2853 5144 substantialia,
2881 5069 3127 5133 etiamsi
3155 5068 3237 5131 ad
3266 5064 3574 5131 efficienda
3603 5057 3715 5120 acci·

3761 3690 3765 3825 l

3760 4434 3763 4489 l

2235 5152 2461 5223 'dentia
2487 5171 2864 5241 assumatur,
2879 5171 3016 5227 tum
3041 5165 3188 5245 quia
3211 5182 3338 5227 non
3361 5160 3560 5241 accipit
3583 5156 3644 5217 ab
3659 5152 3714 5213 ⁹5⁵
3759 5182 3761 5245 ;

2249 5256 2546 5333 speciem,
2573 5263 2706 5317 tum
2737 5258 2926 5319 etiam
2953 5258 3104 5338 quia
3131 5257 3285 5320 nihil
3323 5257 3599 5337 repugnat
3623 5258 3712 5307 ΝΠ]
3760 5272 3761 5335 ἢ

2247 5347 2719 5411 substantialem
2769 5369 2908 5415 esse
2957 5351 3332 5431 principium
3385 5362 3572 5410 rerum
3607 5336 3711 5401 acci·

2245 5439 2612 5517 dentalium,
2646 5449 2716 5505 ut
2762 5451 2934 5525 patet
2961 5444 3043 5509 de
3075 5444 3287 5507 diviua
3327 5443 3560 5510 virtute,
3591 5430 3708 5497 etde

604 5528 801 5605 possit
822 5526 947 5589 dici
976 5526 1340 5607 spiritualis.
1368 5526 1710 5605 Probatur,
1738 5528 1887 5607 quia
1916 5530 2024 5593 illa
2053 5548 2164 5611 po·
2241 5532 2446 5597 forma
2481 5536 2892 5613 substantiali,
2921 5538 3146 5603 saltem
3169 5544 3466 5619 quatenus
3489 5536 3569 5595 est
3589 5522 3707 5589 radix

3759 5338 3761 5492 l
