3892 6167
3253 309 3265 316 “
3289 339 3411 402 407

159 431 541 500 divinitatis
580 434 661 500 in
706 435 817 500 ileo
869 437 1269 504 :eternitatem
1290 484 1306 514 ,
1356 447 1464 505 aut
1514 459 1646 506 oum
1697 441 1765 504 in
1846 441 2165 515 nostrum3
2214 457 2366 502 nam
2416 439 2504 504 ita
2551 445 2651 504 est
2691 442 2906 505 noster
2961 443 3150 524 Deus,
3201 451 3271 509 ut
3331 443 3414 508 sit

153 527 487 611 principio
566 530 825 598 Verbum
879 533 1096 602 misse.
1147 534 1219 595 In
1274 535 1507 613 quibus
1558 533 1768 598 verbis
1849 534 2039 597 etiam
2077 534 2374 597 dominus
2392 551 2412 615 3
2441 535 2528 598 ita
2556 553 2708 598 vero
2742 543 2838 598 est
2878 537 3040 600 Deus
3067 540 3312 616 Christi,
3341 546 3416 604 ut

158 623 485 683 nonnulla
525 623 960 696 eontinentur,
1007 643 1149 706 quae
1184 645 1311 688 non
1348 647 1577 708 parum
1616 627 1769 691 huie
1848 645 1981 689 non
2009 626 2410 690 sitdominus
2453 629 2611 710 ejus.
2647 629 2772 692 Sed
2827 629 3132 711 imprimis
3157 634 3292 696 hoec
3315 634 3414 694 in-

160 714 535 776 sententioe·
570 716 789 779 favent
816 736 831 778 ε
879 735 1079 779 unum
1112 725 1235 796 est,
1274 721 1434 783 sicut
1471 723 1540 783 in
1586 721 1769 785 nohis
1854 723 2244 802 tel-pretam,
2275 741 2390 786 seu
2409 725 2580 802 quod
2607 723 2884 786 Christus
2903 726 2970 786 in
2999 743 3076 790 ea
3107 727 3410 790 divisione

160 823 287 866 non
318 816 715 890 repugnant
752 810 869 872 sihi
913 813 1219 875 naturalis
1257 815 1522 878 servitus
1558 815 1671 877 Dei
1704 821 1767 880 et
1848 817 2014 878 hano
2045 815 2468 881 diversitatem
2503 817 2894 894 indicaverit,
2925 821 3168 882 nullum
3221 821 3414 884 habet

158 897 383 964 filiatio
408 903 753 985 adoptiva,
780 906 867 967 ita
890 905 956 966 in
980 907 1220 970 Christo
1249 925 1378 971 non
1406 927 1765 990 repugnare
1844 909 2330 973 fundamentum
2359 911 2424 972 in
2451 917 2628 974 textu
2655 913 3044 992 evangelice,
3075 921 3146 977 ut
3189 932 3301 995 per
3341 931 3412 976 se

158 997 537 1060 naturalem
590 999 965 1062 filiationem
1010 1001 1125 1064 Dei
1172 1019 1318 1066 cum
1360 1004 1657 1068 servitute
1696 1006 1763 1068 in
1843 1009 2044 1084 patet,
2081 1004 2230 1084 quia
2281 1004 2526 1067 nullum
2555 1004 2644 1067 ihi
2675 1012 2774 1070 est
2791 1006 3057 1068 verbum
3087 1025 3209 1087 qno
3239 1007 3413 1070 Chri-

160 1097 503 1172 assumpta
528 1100 790 1157 natura.
818 1095 1003 1159 Aliud
1030 1103 1146 1173 est,
1170 1097 1251 1159 ad
1270 1099 1629 1162 universale
1652 1101 1762 1162 Dei
1847 1103 1982 1159 stus
2006 1097 2264 1174 indicet,
2295 1101 2499 1161 Deum
2521 1117 2651 1161 non
2681 1117 2818 1162 esse
2845 1100 3172 1164 dominum
3197 1119 3404 1164 suum.

1845 1190 2027 1254 Unde
2069 1191 2469 1274 Euthymius,
2502 1193 2588 1256 ihi
2641 1209 2930 1272 quaerens
2978 1211 3092 1258 cur
3129 1196 3410 1258 Christus

1846 1284 1931 1346 ita
1961 1283 2336 1362 distinxerit,
2359 1289 2425 1348 et
2455 1304 2585 1349 non
2611 1287 2861 1365 dixerit,
2887 1289 3080 1352 Deum
3106 1295 3405 1363 nostrum,

1846 1393 1978 1440 non
2006 1377 2210 1442 reddit
2244 1379 2418 1442 illam
2445 1381 2774 1457 rationem,
2809 1383 2916 1446 sed
2942 1383 3108 1466 quia,
3137 1383 3282 1449 licet
3305 1385 3412 1448 Ito-

1845 1489 1940 1534 mo
1978 1475 2177 1541 faetus
2217 1472 2302 1537 sit
2330 1474 2580 1553 (inquit)
2611 1481 2671 1538 et
2713 1479 2912 1552 frator
2948 1493 3148 1540 eorum
3183 1482 3410 1542 natvm-a

1844 1563 2270 1640 humanitatis,
2307 1567 2524 1632 nonore
2579 1573 2776 1632 tamon
2806 1567 3146 1650 plurimum
3193 1571 3268 1634 ab
3319 1571 3408 1633 eis

1844 1657 2190 1738 differebat,
2232 1663 2289 1722 et
2315 1659 2664 1726 divinitatis
2703 1663 2945 1738 unione,
2979 1669 3158 1744 atque
3189 1663 3270 1725 im
3271 1681 3410 1746 peo-

1844 1750 2177 1815 cabilitate.
2231 1753 2622 1832 Augustinus
2662 1773 2840 1832 vere,
2869 1759 3050 1819 tract.
3087 1759 3196 1820 121
3229 1775 3246 1821 2
3279 1755 3409 1822 Ne·-

1844 1861 1956 1925 que
1983 1846 2084 1909 laic
2111 1845 2358 1928 (inquit)
2388 1849 2574 1924 dimit,
2597 1850 2792 1912 Deum
2834 1856 3108 1913 nostrum
3127 1876 3154 1924 ,·
3181 1867 3320 1930 erqo
3352 1855 3411 1914 et

1847 1936 1945 2002 liic
1973 1938 2160 2002 aliter
2185 1955 2404 2014 mouns,
2423 1941 2608 2005 alitor
2633 1947 2900 2006 vestrum
2916 1967 2942 2016 ;
2967 1943 3162 2007 Deum
3188 1961 3406 2020 meum,

1845 2031 1954 2094 sub
1971 2048 2084 2116 quo
2103 2036 2162 2097 et
2188 2047 2294 2111 eqo
2319 2033 2490 2096 homo
2517 2051 2651 2097 mm
2666 2035 2898 2106 ;Deum
2927 2042 3218 2112 vestrum,
3249 2037 3413 2102 iuter

1412 337 1736 396 DISPUTAT.
1768 335 1935 392 xmv.
1969 333 2141 394 SECT.
2175 340 2220 395 1.

159 1185 539 1248 dominium
584 1189 928 1269 pertinere,
960 1193 1032 1252 nt
1074 1191 1156 1252 sit
1181 1191 1474 1254 dominus
1513 1192 1759 1267 Christi,

158 1283 493 1359 quatenus
550 1282 749 1344 homo
796 1288 911 1360 est,
961 1285 1477 1364 quandoquidem
1524 1285 1642 1346 sub
1687 1301 1764 1348 ea

160 1375 417 1436 ratione
431 1375 627 1438 inter
644 1393 745 1438 res
764 1377 1044 1439 conditas
1064 1379 1439 1441 continetur.
1466 1379 1764 1442 Ultimum

159 1467 449 1546 deniqne
484 1475 595 1531 est
620 1470 815 1549 (quod
840 1489 1012 1532 nune
1042 1471 1307 1552 agimus)
1330 1473 1763 1552 interpretatio

158 1559 639 1641 praedictorum
696 1564 913 1626 Christi
970 1565 1308 1626 verborum
1337 1611 1352 1641 ‚
1408 1585 1549 1644 quse
1607 1583 1762 1629 sane

160 1673 289 1716 nou
319 1661 423 1716 est
450 1657 727 1736 proprio
750 1663 811 1719 et
834 1659 1113 1738 genuino
1138 1675 1329 1719 sensu
1359 1657 1588 1734 aliena,
1612 1677 1761 1721 nam

163 1753 428 1826 propter
486 1750 857 1811 naturalem
914 1749 1283 1814 filiationem
1340 1752 1621 1814 Christus
1674 1753 1761 1816 ita

162 1841 482 1916 distinxit,
536 1848 610 1905 nt
654 1845 1009 1923 specialiter
1037 1846 1289 1908 Patrem
1320 1863 1503 1908 suum
1548 1847 1763 1928 appel-

164 1934 425 2009 laverit3
446 1945 720 2018 propter
744 1939 1106 2019 generalem
1136 1945 1348 2002 autem
1378 1942 1765 2020 omnipoten-

166 2030 317 2090 tiam
352 2036 421 2092 et
458 2032 1162 2108 actionem,dominum
1187 2034 1503 2096 vocaverit
1527 2035 1667 2097 eoeli
1699 2041 1763 2098 et

168 2129 369 2200 terras,
404 2125 479 2187 in
510 2143 649 2206 quo
678 2141 806 2186 non
836 2125 1093 2205 quidem
1124 2145 1456 2206 expresse,
1488 2133 1552 2190 et
1581 2130 1760 2210 quasi

170 2217 433 2294 speciali
463 2218 682 2296 titulo,
706 2227 917 2282 tamen
942 2219 1163 2281 saltem
1188 2219 1489 2299 implicite
1520 2227 1583 2283 et
1612 2239 1761 2282 con-

170 2309 331 2385 fuse,
364 2329 445 2374 ac
475 2313 765 2394 generali
796 2313 1062 2386 ratione,
1096 2329 1165 2374 se
1210 2313 1417 2392 ipsum
1446 2319 1516 2376 ut
1562 2315 1759 2376 homi-

171 2421 317 2465 nem
343 2407 471 2468 suh
498 2406 621 2468 illo
646 2407 921 2468 dominic
942 2407 1437 2487 comprehendit.
1464 2408 1553 2470 Ac
1582 2407 1763 2470 deni·-

174 2501 295 2577 que
322 2500 675 2580 (quidquid
706 2500 786 2563 sit
810 2501 889 2562 de
910 2499 1159 2561 formali
1188 2517 1379 2562 sensu
1397 2501 1759 2582 verborum)

174 2597 385 2653 tamen
406 2595 701 2656 mediate
724 2593 817 2672 (ut
838 2595 924 2656 sic
948 2592 1197 2676 dicam),
1221 2611 1351 2655 non
1377 2601 1471 2658 est
1498 2595 1761 2658 dubium

173 2686 318 2762 quin
350 2703 431 2748 ex
464 2688 591 2749 illo
622 2689 924 2768 optimum
960 2695 1247 2750 sumatur
1279 2695 1757 2768 argumentum3

176 2779 317 2857 quia
346 2787 612 2843 eertum
644 2787 738 2842 est
783 2781 847 2843 in
893 2782 1254 2844 nominibus
1302 2783 1440 2844 coeli
1488 2789 1547 2844 et
1574 2787 1759 2846 terroe

179 2875 477 2936 continen
496 2895 528 2937 s
556 2876 717 2937 sumi
744 2893 859 2956 pro
884 2881 1179 2947 ‚contento
1193 2891 1213 2954 3
1238 2882 1427 2955 atque
1449 2876 1608 2939 adeo
1636 2877 1761 2939 illis

181 2969 643 3048 comprehendi
674 2969 981 3050 quidquid
1010 2971 1129 3032 suh
1156 2969 1285 3033 Deo
1314 2972 1458 3033 coeli
1488 2979 1549 3034 et
1578 2978 1759 3035 terres

182 3061 415 3123 ambitu
455 3063 861 3141 continetur3
888 3063 1169 3126 Christus
1207 3071 1420 3126 autem
1466 3071 1534 3126 ut
1568 3067 1759 3126 homo

184 3153 293 3214 suh
318 3155 451 3218 Deo
502 3161 617 3231 est,
640 3175 784 3219 cum
808 3155 887 3218 sit
910 3157 1116 3218 minor
1143 3157 1345 3233 Patre,
1375 3163 1439 3220 et
1467 3158 1585 3219 sub
1616 3158 1759 3220 coeli

184 3263 251 3307 ac
284 3254 475 3310 terrae
518 3250 757 3312 ambitu
806 3251 1163 3312 continetur
1176 3273 1193 3326 3
1228 3256 1323 3312 est
1370 3267 1523 3331 ergo
1568 3251 1754 3328 DeuS,

188 3338 489 3404 dominus
531 3344 696 3423 ejus,
728 3347 793 3405 et
838 3348 1301 3423 consequenter
1337 3343 1475 3426 ipse
1512 3361 1751 3420 servae,

188 3449 323 3494 cum
348 3435 503 3498 haec
537 3435 665 3498 duo
698 3436 1068 3498 correlativa
1101 3437 1245 3497 sint.

262 3529 357 3590 10.
404 3532 753 3608 Potestque
803 3531 924 3592 hoc
958 3529 1384 3592 testimonium
1416 3547 1531 3591 seu
1566 3549 1756 3610 argu·

190 3629 477 3684 mentum
534 3623 893 3686 confirmari
935 3641 1013 3686 ex
1074 3623 1283 3686 verbis
1320 3623 1441 3684 iliis
1484 3625 1681 3701 Pauli,
1718 3627 1745 3686 1

193 3715 267 3775 ad
293 3717 429 3780 Cor.
466 3719 503 3780 3
528 3733 546 3780 t
568 3718 790 3781 Omnia
813 3723 1019 3782 vestra
1046 3721 1206 3792 sunt,
1228 3733 1333 3780 vos
1356 3721 1555 3780 autem
1580 3715 1757 3781 otri-

194 3809 291 3884 αἱ,
324 3809 621 3876 Christus
646 3827 781 3874 vero
809 3812 962 3884 Dei,·
1002 3828 1147 3871 nam
1180 3810 1453 3873 Christus
1476 3811 1589 3872 Dei
1614 3827 1753 3874 esse

196 3897 431 3980 dicitur,
471 3905 622 3985 quia
660 3905 825 3966 Deus
864 3903 932 3965 in
986 3922 1172 3964 suum
1200 3903 1511 3966 honorem
1542 3906 1751 3985 ipsum

198 3993 332 4059 fecit
352 3997 698 4072 Christum,
728 4005 802 4058 ut
835 3997 1063 4060 Paulus
1092 3997 1201 4071 ait,
1242 3996 1321 4058 ad
1348 3996 1540 4058 Hehr.
1590 4001 1652 4074 3,
1691 4003 1753 4060 et

198 4088 439 4168 Petrus,
474 4093 503 4154 1
527 4091 759 4154 Canon.
768 4137 789 4169 ‚
814 4109 867 4153 e.
888 4095 959 4163 3;
988 4107 1139 4170 ergo
1164 4095 1233 4151 ut
1258 4091 1345 4152 sie
1376 4091 1493 4151 sub
1511 4091 1623 4152 Dei
1646 4090 1757 4152 do-

196 4182 381 4246 minio
402 4186 798 4247 continetur.
834 4187 989 4246 Item
1022 4183 1385 4245 confirmari
1417 4189 1623 4264 potest
1677 4202 1755 4246 ex

200 4273 309 4337 illis
332 4278 543 4341 verbis
570 4276 817 4352 Christi,
849 4279 884 4340 J
890 4295 1031 4340 oan.
1074 4281 1189 4340 20:
1223 4275 1491 4341 Ascendo
1519 4279 1601 4341 ad
1623 4278 1749 4341 Pa—

201 4373 337 4434 trem
364 4389 587 4447 mum,
616 4375 675 4435 et
712 4373 963 4436 Patrem
994 4377 1286 4447 vestrum,
1317 4373 1508 4434 Deum
1534 4389 1751 4447 meum,

203 4469 253 4524 et
302 4467 501 4529 Deum
541 4471 846 4539 vestatam
880 4481 1053 4538 nam,
1086 4470 1156 4526 ut
1190 4465 1295 4525 hic
1349 4465 1419 4525 D.
1453 4465 1750 4540 Thomas,

203 4559 309 4618 art.
339 4564 403 4635 2,
436 4558 500 4619 in
530 4577 665 4640 arg.
696 4561 759 4636 3,
792 4557 915 4622 Sed
951 4563 1146 4633 cont„
1177 4557 1441 4632 notavit,
1474 4557 1753 4619 Christus

202 4645 291 4710 his
318 4651 528 4714 verbis
554 4669 619 4714 se
646 4653 853 4732 ipsum
891 4651 1089 4715 Patris
1132 4669 1387 4714 servum
1434 4650 1753 4732 professus

206 4749 316 4820 est;
338 4753 531 4826 atque
560 4747 723 4808 adeo
756 4747 927 4809 idem
956 4753 1054 4808 est
1078 4746 1289 4808 dicere
1313 4747 1507 4810 Deum
1532 4764 1747 4822 meum,

205 4851 291 4910 ae,
320 4839 645 4904 Dominum
686 4857 905 4904 manin.
942 4838 1345 4920 Respondent
1386 4845 1601 4900 autem
1640 4838 1755 4898 ali-

210 4933 326 5011 qui,
357 4951 439 4995 ex
472 4935 787 5010 Damaso„
816 4933 925 4996 lib.
974 4937 1017 4994 4
1046 4933 1125 4994 de
1151 4933 1323 5008 Fide,
1354 4951 1408 4994 c.
1462 4935 1501 4995 8
1558 4937 1623 4992 et
1651 4933 1751 5007 19,

209 5041 325 5087 non
354 5028 489 5089 sine
514 5045 729 5101 causa,
760 5043 889 5089 non
920 5027 1151 5089 dixisse
1194 5025 1531 5100 Christum,
1560 5024 1756 5088 Deum

210 5126 492 5195 nostrum,
524 5121 637 5182 sed
660 5121 969 5194 divisisse,
997 5119 1267 5180 dicendo
1299 5119 1493 5182 Deum
1530 5133 1751 5192 meum,

212 5217 262 5273 et
286 5215 477 5277 Deum
520 5220 835 5287 κάπνη
886 5213 1047 5274 sicut
1098 5231 1225 5273 non
1270 5213 1443 5285 dixit,
1504 5213 1753 5274 Patre‘m

216 5313 503 5384 nostrum,
536 5307 651 5369 sed
680 5308 905 5382 divisit,
937 5307 1173 5382 dieenS,
1201 5306 1455 5369 Patrem
1478 5323 1674 5368 meum
1700 5310 1755 5368 et

214 5395 455 5464 Patrem
479 5405 747 5464 vestrum
766 5427 791 5474 ,·
838 5399 1211 5480 significavit
1240 5417 1395 5479 ergo
1421 5399 1483 5462 in
1516 5398 1623 5459 illa
1664 5397 1755 5460 di-

220 5489 467 5567 visione,
492 5493 675 5556 aliter
696 5494 945 5556 Patrem
972 5511 1110 5554 esse
1135 5494 1333 5554 Deum
1354 5509 1537 5554 suum
1563 5507 1755 5568 quam

1842 2140 1990 2204 quos
2017 2129 2078 2189 et
2124 2125 2328 2204 ipsum
2383 2127 2680 2191 mediator
2701 2145 2858 2192 sum.
2892 2129 3204 2208 Rupertus
3231 2147 3406 2204 vero,

1841 2217 2528 2284 1.14inJoan.:Deu.s
2573 2237 2740 2286 meus
2791 2227 2884 2286 est
2937 2222 3213 2304 (inquit),
3263 2223 3410 2304 quia

1845 2315 2184 2376 &caturam
2245 2312 2402 2394 ejus,
2427 2313 2498 2376 id
2539 2318 2656 2390 est,
2705 2313 3002 2379 hominem
3057 2319 3408 2398 assumpsi,-

1844 2405 2014 2468 Dm
2037 2409 2238 2468 autem
2257 2405 2506 2468 &lorum
2533 2412 2646 2484 cet,
2677 2407 2826 2490 quia
2851 2425 2974 2471 non
3011 2409 3193 2473 aliud
3231 2428 3414 2492 quam

1846 2497 2112 2563 homines
2155 2503 2321 2563 sunt.
2375 2499 2514 2562 Non
2570 2517 2722 2582 ergo
2769 2500 3178 2582 evangelicus
3203 2509 3412 2567 textus

1844 2591 2020 2653 illam
2064 2590 2480 2655 differentiam
2505 2593 2792 2673 requirit.
2825 2595 3042 2674 Neque
3072 2595 3264 2659 etiam
3295 2595 3412 2658 ha-

1826 2687 1956 2748 'bet
1977 2685 2458 2750 fundamentum
2481 2687 2550 2748 in
2577 2688 2962 2750 Damasceno
2983 2705 3000 2764 3
3025 2690 3220 2752 verba
3242 2691 3410 2753 enim

1843 2781 1982 2860 ejus
2027 2785 2173 2843 sunt
2219 2797 2234 2842 τ
2291 2781 2440 2848 Non.
2495 2781 2680 2856 dimit,
2731 2782 2926 2845 Deum
2963 2789 3262 2859 nostruin,
3309 2785 3418 2849 sed

1840 2875 2037 2938 Deum
2069 2891 2287 2951 meum,
2321 2877 2384 2938 si
2433 2874 2653 2939 subtili
2699 2873 2918 2938 mancis
2945 2877 3278 2960 aqitatiom
3313 2875 3410 2954 id,

1840 2969 2000 3049 quod
2015 2967 2207 3032 oculis
2236 2968 2531 3046 cernitur,
2555 2969 2630 3031 ab
2653 2986 2715 3032 eo
2737 2970 2894 3050 quod
2907 2976 3102 3034 mento
3127 2971 3258 3035 sola
3267 2989 3409 3053 per-

1842 3062 2099 3142 cipitur,
2144 3063 2516 3144 dictinquas,
2547 3068 2604 3126 et
2631 3063 2824 3126 Deum
2856 3071 3146 3137 vestrum,
3181 3069 3255 3128 ut
3281 3066 3406 3144 opi-

1833 3156 2007 3235 ficem
2029 3173 2100 3220 ac
2127 3156 2455 3220 dominum.
2475 3157 2546 3218 In
2567 3155 2795 3236 quibus
2823 3157 3032 3220 verbis
3057 3159 3263 3237 potius
3293 3159 3409 3220 Da-

1840 3265 2176 3310 mascenus
2206 3249 2391 3312 sentit
2441 3250 2644 3312 Deum
2696 3268 2825 3312 non
2864 3250 2988 3312 alia
3013 3251 3256 3312 ratione
3285 3250 3404 3313 diei

1840 3341 2106 3422 alicujus
2147 3341 2372 3418 Deum,
2403 3342 2525 3406 nisi
2569 3343 2718 3422 quia
2765 3350 2860 3408 est
2899 3345 3038 3426 ejus
3071 3344 3278 3425 opifex
3331 3363 3406 3408 ac

1748 3457 1753 3464 ·
1838 3433 2170 3510 dominus;
2218 3435 2488 3512 ideoque
2537 3434 2852 3500 Christum
2900 3437 3236 3500 Dominum
3272 3453 3404 3501 non

1838 3527 2206 3608 simpliciter
2235 3526 2466 3590 dixisse
2508 3529 2700 3593 Deum
2737 3533 3036 3606 nostrum,
3087 3529 3203 3592 sed
3243 3530 3406 3592 divi-

1839 3621 2018 3683 sione
2036 3621 2338 3702 praedicta
2357 3639 2544 3682 usum
2568 3620 2787 3698 fuisse,
2817 3627 2888 3684 ut
2915 3623 3246 3686 denotaret
3271 3641 3402 3686 non

1838 3731 1980 3778 esse
2009 3713 2304 3794 opificem
2335 3731 2518 3776 suum
2562 3731 2637 3776 ac
2667 3714 2990 3778 dominum
3041 3715 3404 3796 simpliciter

1837 3813 1899 3870 et
1951 3807 2264 3882 absolute,
2311 3807 2660 3870 secundum
2691 3807 2902 3870 omnia
2956 3827 3098 3888 quae
3151 3809 3217 3870 in
3261 3809 3400 3890 ipso

1836 3907 2004 3978 sunt,
2037 3899 2152 3962 sed
2191 3900 2394 3964 solum
2417 3901 2770 3964 secundum
2796 3900 3255 3964 humanitatem
3299 3919 3404 3966 as·-

1834 4001 2186 4075 sumptam3
2217 3993 2338 4056 hoc
2399 3995 2569 4056 enim
2597 4001 2694 4057 est
2721 3994 2894 4076 quod
2922 3995 3040 4057 ait:
3069 3994 3152 4060 Si
3191 3996 3404 4060 subtili

1834 4089 2057 4154 mentis
2085 4087 2424 4168 ayitatione
2449 4088 2518 4152 id
2541 4089 2702 4169 quod
2735 4089 3026 4167 cernitur,
3059 4089 3130 4152 ab
3159 4106 3222 4154 eo
3247 4090 3407 4172 quoa

1834 4188 2028 4246 mente
2053 4181 2414 4263 coneipitur,
2437 4181 2827 4263 distinyuau
2857 4199 2996 4244 esse
3025 4187 3250 4246 autem·
3271 4182 3404 4262 opi-

1837 4274 2023 4338 ficem
2055 4293 2130 4336 ac
2167 4274 2494 4336 dominum
2548 4280 2858 4351 nostrum,
2889 4276 3236 4338 secundum
3271 4293 3401 4336 om-

1835 4368 1943 4428 nia
1975 4386 2114 4449 quae
2140 4383 2378 4430 sumus.
2412 4368 2490 4428 Et
2510 4367 2598 4429 ita
2637 4367 2942 4432 intellexit
2981 4369 3161 4432 illum
3189 4369 3400 4432 locum

1836 4461 2214 4524 Scholiastes
2262 4461 2634 4524 Damasceni
2661 4462 3100 4537 ClichtovaeuS,
3131 4462 3346 4526 dicens
3375 4483 3396 4524 ε

1832 4557 2192 4622 Humanam
2220 4559 2510 4620 naturam
2541 4555 2881 4622 insinuavit
2925 4555 3232 4633 chrisme,
3267 4573 3400 4620 cum

1834 4649 2030 4712 Deum
2069 4649 2346 4723 Patrem,
2391 4648 2586 4712 Deum
2644 4665 2820 4714 suum
2865 4649 3134 4733 appellat
3144 4673 3173 4720 ,·
3216 4666 3358 4714 nam
3379 4693 3396 4723 ‚

1834 4743 2158 4806 noandum
2209 4739 2480 4806 divinam
2509 4785 2532 4818 ,
2585 4757 2705 4804 non
2741 4746 2900 4807 recte
2950 4745 3116 4806 Deus
3162 4741 3399 4806 Christi

1834 4835 2132 4899 diceretur
2157 4879 2178 4911 ,
2209 4833 2500 4915 siquidem
2528 4835 2659 4917 ipse
2693 4853 2828 4900 oum
2881 4835 3058 4900 Filio
3093 4852 3200 4898 sao
3234 4851 3400 4898 unus

1838 4934 1924 4992 est
1953 4929 2117 4992 Deus
2137 4949 2162 4998 ;
2187 4929 2293 4992 eod
2337 4929 2660 4992 secundum
2706 4929 3030 4993 humanam
3079 4932 3392 5002 natmam,

1838 5024 2030 5088 Deum
2052 5024 2305 5088 Patrem
2322 5021 2607 5089 Christus
2620 5041 2796 5088 mum
2828 5027 3002 5088 vocat
3025 5024 3396 5103 Deumffluo-
3521 5090 3528 5097 ,

1836 5117 2006 5180 niam
2055 5121 2125 5180 ut
2155 5117 2348 5193 homo,
2387 5120 2688 5194 famatus
2733 5122 2821 5180 est
2863 5117 2935 5182 ab
2960 5133 3048 5189 σο,
3088 5119 3298 5193 factus
3338 5121 3403 5178 et

1832 5211 2164 5292 productus
2185 5236 2210 5284 ;
2259 5215 2316 5272 et
2361 5208 2659 5274 consimili
2685 5227 2910 5292 quoquo
2952 5209 3190 5273 rationo
3227 5209 3396 5270 Deus

1837 5305 2052 5380 Pater,
2081 5309 2284 5367 noster
2302 5303 2466 5366 Deus
2493 5303 2746 5379 dicitur,
2761 5303 3042 5383 quoniam
3067 5302 3140 5364 ab
3155 5316 3218 5361 eo
3231 5315 3398 5362 orea-

1836 5397 1889 5460 ti
1914 5414 2147 5473 sumus,
2181 5400 2360 5476 atque
2411 5395 2492 5460 ad
2533 5411 2657 5459 esse
2694 5394 2992 5476 perducti.
3021 5394 3096 5456 Et
3136 5390 3394 5453 adducit

1836 5491 2143 5570 optimum
2191 5490 2402 5552 locum
2457 5488 2688 5568 Cyrilli,
2719 5488 2826 5552 lib.
2863 5490 2938 5550 12
2970 5487 3032 5548 in
3083 5487 3296 5560 Joan„
3329 5505 3388 5548 c.
