3892 6167
508 312 626 374 'lot

506 413 568 467 ln
600 410 875 470 intellectu
897 406 1094 465 Christi
1121 404 1343 462 fuerunt
1365 401 1584 458 habitus
1605 399 1877 456 naturales
1899 407 1954 453 et
1977 397 2067 454 in-

571 488 704 550 fusi,
727 489 782 541 d.
805 491 887 550 84,
909 501 952 540 s.
977 492 1026 538 8.

507 564 803 618 intellectio
825 575 948 630 quae
969 561 1136 617 fuerit
1157 558 1430 613 sufficiens
1451 556 1522 610 ad
1542 551 1938 622 penetrandum
1966 551 2069 604 ob·

565 640 768 704 jectum
813 643 997 692 exacte
1042 649 1108 690 ex
1159 641 1310 703 parte
1355 634 1493 698 eiua,
1535 630 1642 683 erit
1680 629 1956 683 sufficiens
1999 627 2067 680 ad

565 713 782 779 jusdem
814 712 1378 782 comprehensionem,
1401 707 1458 763 d.
1481 711 1562 770 88,
1585 719 1628 759 5.
1653 709 1702 757 4.

508 789 814 844 Intellectus
834 789 970 844 duas
993 801 1080 842 res
1105 786 1270 840 simul
1289 795 1614 852 cognoscere
1638 784 1826 848 potest,
1855 783 1908 834 et
1934 791 2068 846 quo-

571 865 755 925 modo,
779 878 826 918 0.
850 871 898 917 8.

507 939 813 995 Intellectus
857 947 912 994 et
942 938 1152 1006 species
1192 934 1572 1003 intelligibiles
1603 933 1878 1000 quomodo
1931 945 2065 984 con-

570 1022 792 1070 currant
821 1017 894 1070 ad
923 1013 1366 1073 intellectionem,
1393 1013 1448 1066 d.
1482 1017 1563 1076 89,
1588 1025 1631 1064 s.
1665 1015 1712 1062 8.

508 1091 953 1154 intellectionem,
974 1096 1036 1145 ut
1066 1095 1148 1144 est
1171 1090 1313 1144 actio
1333 1087 1532 1150 vitalis,
1569 1085 1862 1154 procedere
1884 1085 1955 1138 ab
1979 1083 2066 1135 ιιι-

571 1167 804 1232 tellectu,
823 1171 880 1222 et
899 1172 961 1221 ut
991 1171 1072 1220 est
1097 1163 1500 1233 repraesentatio
1523 1161 1740 1228 obiecti,
1777 1159 2069 1228 procedere

571 1244 640 1298 ab
663 1244 866 1312 5000ιο,
888 1255 1000 1310 quo
1019 1255 1184 1296 sensu
1209 1254 1424 1302 terum,
1445 1240 1520 1292 ib.

508 1319 814 1374 Intellectus
841 1319 900 1372 in
928 1317 1122 1373 ordine
1155 1319 1226 1371 ad
1255 1316 1529 1370 naturales
1549 1320 1700 1368 actus
1729 1309 2070 1378 intelligendi

572 1395 642 1450 de
669 1407 728 1450 se
755 1395 918 1449 babet
941 1395 1056 1448 vim
1079 1393 1310 1446 activam
1335 1405 1400 1445 ex
1422 1396 1574 1458 parte
1599 1389 1854 1457 potentiae
1883 1386 2072 1454 requi-

571 1470 749 1536 sitam,
795 1470 854 1524 in
905 1468 1102 1524 ordine
1145 1474 1326 1522 tamen
1375 1467 1446 1521 ad
1491 1463 1930 1532 supernaturales
1974 1475 2074 1514 nec

575 1545 860 1613 partialem
891 1545 1056 1600 babet
1075 1543 1507 1603 connaturalem,
1539 1542 1616 1594 ιι).

513 1623 822 1676 Intellectus
867 1621 1068 1674 animae
1102 1618 1298 1676 Christi
1351 1631 1464 1674 non
1517 1617 1680 1671 habet
1715 1611 2074 1669 sufficientem

573 1697 828 1752 virtutem
856 1697 1088 1750 activam
1115 1693 1420 1750 naturalem
1453 1693 1523 1747 ad
1545 1697 1697 1746 actus
1715 1690 1959 1745 scientiae
1982 1689 2073 1742 in-

579 1774 711 1828 fusae
742 1771 1095 1840 requisitam,
1135 1785 1240 1825 nec
1265 1771 1336 1824 ad
1365 1769 1488 1824 illos
1515 1769 1758 1824 elevatur
1797 1780 1892 1834 per
1931 1765 2074 1819 solas

575 1851 788 1918 species
813 1849 1040 1909 infusas,
1067 1848 1143 1901 ib.

513 1925 822 1982 Intellectus
841 1938 1010 1994 agens
1025 1924 1226 1978 animae
1239 1922 1436 1978 Christi
1457 1921 1584 1975 licet
1605 1919 1878 1990 praedictae
1899 1918 2075 1972 scien-

575 2004 648 2058 tia
695 2004 878 2060 infusa
925 2015 1107 2058 rerum
1153 1999 1522 2064 naturalium,
1549 1999 1756 2052 otiosus
1797 2010 1909 2051 non
1952 1995 2077 2061 fuit,

577 2079 632 2134 d.
655 2083 734 2143 80,
757 2093 800 2133 5.
837 2084 885 2132 8.

1011 2191 1111 2230 uta.
1149 2190 1230 2230 lRA
1263 2191 1312 2228 lu
1343 2189 1568 2228 canisto-

513 2305 596 2364 lra
631 2309 689 2364 in
718 2309 930 2364 Christo
959 2323 1076 2364 esse
1106 2310 1300 2397 potuit,
1322 2309 1377 2363 d.
1405 2311 1482 2371 84,
1514 2321 1557 2359 s.
1595 2309 1643 2358 8.

513 2387 598 2440 Ira
642 2393 725 2442 est
757 2385 979 2442 effectus
1005 2383 1272 2448 tristitiae,
1318 2398 1416 2440 seu
1454 2381 1634 2450 passio
1675 2375 1975 2447 composita
2016 2389 2079 2432 ex

577 2461 794 2517 tristitia
813 2467 868 2515 et
887 2462 1128 2531 appetitu
1151 2462 1432 2524 vindictae,
1459 2460 1534 2512 ιι).

1275 2637 1314 2710 J

1219 2819 1375 2860 118118.

514 2903 666 2961 ,10000
691 2913 766 2961 est
787 2907 954 2972 homo,
975 2907 1275 2976 propositio
1308 2912 1387 2962 est
1418 2907 1794 2976 propriissime
1819 2903 1875 2961 in
1905 2909 2079 2960 mate-

583 2984 664 3036 ria
691 2983 949 3049 naturali,
973 2990 1028 3037 et
1045 2997 1160 3050 cur,
1187 2982 1242 3040 d.
1269 2989 1350 3049 58,
1369 2999 1413 3038 s.
1451 2987 1500 3038 8.

517 3060 916 3114 immanitatem
950 3061 1250 3115 formaliter
1269 3061 1562 3128 significat,
1583 3062 1638 3114 d.
1666 3065 1746 3126 88,
1773 3075 1816 3114 s.
1847 3065 1896 3111 8.

515 3137 641 3189 Iesu
667 3136 880 3189 nomini
910 3136 1163 3204 specialis
1193 3135 1438 3192 adoratio
1477 3135 1739 3200 debetur,
1765 3135 1819 3189 d.
1853 3139 1935 3199 88,
1957 3149 2000 3188 5.
2028 3139 2075 3222 8.

515 3211 700 3278 anue
727 3211 1043 3278 mspectira,
1075 3212 1152 3265 ib

1095 3345 1256 3386 mm
1285 3345 1472 3386 Tatnos.

516 3437 732 3580 Nughm:
767 3437 958 3494 habuit
989 3437 1046 3491 in
1073 3437 1291 3494 Iudaeos
1320 3439 1630 3494 dominium
1655 3443 1778 3493 ante
1799 3439 2076 3506 Davidem,

518 3518 1014 3678 Pmptegztgssiam
1045 3592 1254 3646 caeteris
1285 3599 1366 3647 est
1393 3593 1633 3661 praelata,
1660 3592 1731 3646 ib

517 3667 754 3730 Qualiter
779 3680 953 3734 usque
980 3668 1050 3722 ad
1077 3669 1348 3723 Christum
1393 3671 1598 3736 regiam
1632 3675 1946 3737 potestatem
1978 3667 2079 3723 ob-

521 3743 1178 3875 Διιιὶιιιιιΐιιιιίιειξὲειᾱοιιιιιιι
1205 3834 1491 3889 nunquam
1525 3820 1805 3889 pertinuit,
1837 3819 1910 3874 ib.

519 3895 626 3980 Cur
647 3895 764 3982 sola
785 3895 999 3984 dicatur
1017 3901 1200 3951 secuta
1219 3897 1480 3963 Romam,
1519 3903 1573 3952 et
1605 3911 1714 3952 non
1746 3895 1921 3950 tribus
1937 3897 2077 3949 Ben-

522 3973 888 4109 Ωιξῗεῖιέιῖιῖιέιῖι)
916 4049 1024 4104 frui
1059 4050 1144 4105 vel
1163 4050 1421 4116 nescivit,
1447 4051 1532 4104 vel
1569 4049 1764 4116 noluit,
1785 4061 1883 4104 sua
1905 4045 2085 4116 digni-

589 4129 696 4178 tate
717 4125 927 4193 privata
947 4133 1046 4192 est,
1069 4127 1145 4180 ib.

522 4201 974 4330 .ιῖξέἀέοέιοιο
1015 4201 1210 4257 christi
1257 4215 1472 4269 semper
1493 4203 1617 4258 aliis
1648 4201 1899 4257 tribubus
1939 4215 2083 4271 prae-

701 4317 712 4342 ,
775 4317 786 4328 .
847 4314 860 4326 .

1209 4403 1380 4442 subn.

525 4503 832 4558 Judaeorum
851 4501 1028 4570 capita
1058 4513 1094 4555 a
1118 4501 1594 4568 transmigratione
1619 4502 1803 4560 adhuc
1822 4504 1969 4558 cirea
1986 4505 2089 4558 Ba-

587 4580 844 4647 bylonem
872 4575 1242 4647 principatum
1269 4579 1469 4632 habere.
1493 4578 1800 4635 fabulosum
1828 4585 1924 4643 est,
1953 4580 2007 4634 (ι.
2036 4585 2082 4646 1,

589 4669 632 4709 s.
669 4660 717 4709 1.

528 4727 779 4790 Potestas,
821 4737 985 4798 quam
1027 4741 1197 4797 usque
1239 4731 1308 4784 ad
1351 4725 1616 4786 llerodem
1649 4733 1987 4800 habuerant,
2018 4734 2087 4787 ab

593 4807 710 4875 ipso
743 4805 920 4860 ablata
947 4811 1028 4860 05ι
1057 4805 1158 4868 eis,
1185 4806 1261 4860 ib.

528 4881 730 4936 Judoeis
773 4883 1036 4937 redeundi
1067 4896 1097 4936 e
1127 4877 1401 4950 babylone
1445 4885 1502 4937 in
1549 4885 1779 4953 patriam
1825 4885 2053 4940 facultas
2072 4928 2085 4951 ,

592 4961 813 5028 quando
845 4967 906 5014 et·
923 4960 1137 5028 quoties
1167 4961 1310 5028 data,
1339 4975 1384 5015 s.
1414 4966 1462 5012 8.

530 5035 812 5103 Τοιιιοιιιιιι
841 5036 992 5090 aliud
1023 5041 1360 5104 spectanteS,
1401 5037 1745 5094 salomonico
1778 5039 2087 5106 gloriosiuS,

597 5111 900 5176 insaniunt,
923 5125 968 5165 s.
994 5117 1042 5165 8.

532 5183 732 5241 Eorum
764 5195 990 5242 conatus
1016 5188 1072 5240 in
1103 5188 1212 5243 alio
1245 5189 1445 5256 templo
1472 5191 1771 5246 extruendo
1794 5205 1986 5259 vanua,
2012 5189 2086 5245 ib.

533 5263 746 5318 Nullam
780 5264 944 5317 aliam
993 5263 1065 5319 ob
1093 5275 1310 5318 causam
1341 5265 1601 5332 exultant,
1632 5267 1738 5320 nisi
1778 5263 1849 5321 ob
1891 5267 2088 5324 Christi

595 5340 819 5404 caedem,
843 5340 916 5393 ib.

535 5415 756 5478 Qualem
787 5421 1071 5483 expectent
1103 5416 1367 5482 messiam,
1401 5423 1463 5472 ut
1501 5423 1784 5486 propterea
1820 5416 2088 5474 Christum

601 5491 888 5546 Dominum
923 5495 1197 5559 respuant,
1225 5491 1297 5548 ib.

1875 303 2063 372 tubex
2092 301 2321 359 tinnuli.

2146 395 2307 454 Multa
2326 395 2394 452 de
2422 395 2621 452 nesciae
2640 395 2877 453 adventu
2905 395 3051 452 dicta
3074 391 3469 462 metaphorice.
3488 391 3561 446 ad
3582 406 3681 449 eor.

2222 473 2383 526 ticem
2410 473 2601 528 litterae
2632 473 3009 541 intelligentes.
3030 477 3235 530 errant.
3258 487 3304 524 5.
3330 476 3375 522 ι.
3409 471 3546 524 Item
3568 471 3687 526 cirea

2215 547 2491 616 duplicem
2512 549 2708 604 Christi
2744 551 3057 614 adventum,
3081 561 3244 615 quem
3273 559 3457 600 unum
3484 545 3693 611 tingunt,

2148 625 2665 772 Jugesshsinff'auqui
2697 704 2836 758 duos
2858 703 2973 770 jam
3004 701 3221 772 tingunt
3244 699 3495 762 Hoesias,
3520 697 3593 752 ib.

2667 871 2901 912 iuuantis
2923 871 3188 911 noenu.

2148 979 2443 1048 Imaginem
2458 979 2654 1034 christi
2676 981 2962 1048 confregit,
2982 985 3037 1034 et
3053 977 3385 1036 Christianis
3402 975 3558 1044 qnod
3582 977 3705 1032 idola

2212 1058 2519 1118 adorarent,
2543 1057 2763 1124 objecit,
2788 1058 2842 1111 d.
2865 1062 2945 1118 54,
2976 1072 3020 1110 5.
3046 1061 3095 1108 1.

2150 1135 2317 1200 Signo
2338 1133 2517 1188 crucis
2532 1145 2600 1188 ex
2618 1133 3019 1188 consuetudine
3039 1139 3229 1187 eontra
3246 1145 3413 1186 suam
3444 1128 3707 1196 perfidiam

2214 1223 2271 1262 sc
2296 1209 2541 1276 signans,
2562 1209 2841 1264 daemones
2874 1209 3099 1276 fugavit,
3118 1210 3175 1262 d.
3200 1213 3285 1273 88,
3314 1222 3361 1260 s.
3395 1211 3445 1257 8.

2487 1377 2715 1420 mml-
2745 1377 2957 1419 marma
2978 1377 3171 1418 enisu
3192 1379 3253 1418 ΙΤ
3274 1379 3377 1417 bal.

2154 1492 2375 1559 Proprie
2406 1498 2487 1546 est
2512 1493 2585 1546 ad
2608 1493 2860 1554 alterum,
2882 1492 2938 1546 d.
2962 1495 3011 1552 4,
3037 1507 3079 1546 s.
3106 1497 3157 1544 5.

2154 1570 2301 1623 Inter
2342 1569 2551 1622 Patrem
2598 1574 2654 1622 et
2685 1567 2860 1622 filium
2894 1580 3005 1622 non
3040 1567 3409 1632 intercedere,
3458 1568 3715 1633 quomodo

2221 1643 2658 1712 intelligendum,
2681 1643 2757 1698 ib.

2152 1721 2364 1775 lustitia
2396 1721 2564 1774 unius
2585 1733 2833 1787 personae
2854 1719 2924 1774 ad
2946 1719 3181 1788 seipsam
3206 1719 3537 1774 secundum
3554 1717 3717 1772 direr-

2214 1809 2303 1850 sas
2334 1801 2555 1850 naturas
2584 1808 2703 1850 osse
2722 1802 2915 1886 potest,
2938 1797 3015 1850 ib.

2154 1873 2233 1928 lbi
2264 1886 2381 1928 esse
2412 1873 3061 1940 potentuh1·1njuria,ih.

2154 1949 2549 2006 commutativa
2580 1948 2725 2004 inter
2756 1961 2974 2004 servum
3006 1954 3063 2004 et
3091 1947 3387 2003 dominum
3434 1947 3503 2002 in
3538 1948 3717 2001 ιιιιιιι-

2224 2025 2313 2079 ιιι5
2332 2025 2533 2093 ιιιο1ιοι
2558 2039 2623 2079 ex
2644 2024 2819 2093 capite
2847 2039 2963 2080 esse
2990 2024 3209 2090 nequit3
3232 2035 3401 2078 aecus
3420 2023 3721 2076 iuter-curi·

2222 2108 2365 2156 stum
2392 2108 2449 2156 et
2465 2105 2655 2168 Deum,
2682 2102 2757 2156 ib.

2162 2180 2241 2232 Ad
2270 2179 2493 2245 justitiae
2526 2184 2707 2234 actum
2748 2177 3111 2286 exercendum
3158 2175 3297 2243 quid
3338 2173 3714 2233 necessarium.

2228 2255 2305 2310 ib·

2162 2332 2228 2386 Ut
2260 2332 2403 2386 inter
2422 2332 2563 2386 duos
2586 2289 2901 2390 intercedat.
2926 2343 3039 2385 non
3060 2335 3141 2384 eet
3170 2339 3403 2384 neoease
3420 2333 3495 2382 ut
3512 2333 3715 2396 uterque

2222 2421 2289 2462 ex
2322 2408 2527 2464 motivo
2560 2409 2777 2462 Iormali
2801 2407 3027 2472 justitiae
3058 2411 3337 2473 operetur,
3360 2417 3553 2472 neque
3568 2413 3623 2459 ut
3641 2421 3715 2458 ra-

2224 2483 2301 2538 tio
2322 2484 2409 2538 vel
2428 2483 2691 2552 obligatio
2725 2483 2949 2548 justitiae
2974 2483 3047 2536 sit
3084 2483 3145 2535 in
3166 2487 3407 2549 uuoqoe
3436 2482 3708 2549 reciproca.

2224 2572 2321 2614 seu
2342 2560 2590 2624 ejusdem
2611 2559 2845 2614 omnino
2876 2559 3125 2618 rationis.
3150 2559 3227 2612 ib.

2160 2634 2307 2688 Inter
2326 2637 2495 2688 Deum
2518 2641 2571 2688 et
2600 2635 2853 2689 homines
2878 2634 3279 2702 perfectissima
3298 2635 3532 2702 justitia,
3560 2635 3625 2686 ih.

2156 2710 2371 2766 Iustitia
2389 2710 2448 2764 in
2467 2710 2683 2766 christo
2700 2722 2812 2766 non
2838 2710 2945 2764 fuit
2960 2709 3235 2764 distinetur
3244 2710 3461 2778 speciei
3479 2723 3509 2762 a
3526 2715 3695 2773 ιιωιιιι,

2158 2861 2387 2919 iustitio
2418 2863 2680 2930 obligatio
2704 2875 2819 2918 non
2838 2862 2988 2917 cadit
3018 2861 3081 2915 ιιι
3100 2863 3275 2966 Deum
3302 2860 3413 2915 niel
3427 2873 3493 2914 ex
3510 2873 3691 2928 suppo-

2218 2939 2425 2994 sitione
2450 2941 2687 3006 alicujus
2710 2939 2875 3006 pacti,
2906 2931 2985 2992 ib.

2158 3015 2363 3082 Duplex
2408 3021 2491 3070 est
2532 3016 2591 3069 in
2632 3017 2758 3080 Deo,
2792 3014 3064 3082 generalis
3104 3021 3161 3068 et
3206 3013 3489 3082 specialis,
3515 3017 3569 3065 et
3586 3012 3693 3078 quid

2222 3097 2473 3159 utraque,
2502 3091 2579 3144 ib.

2159 3167 2373 3222 lustitia
2404 3167 2497 3221 Dei
2538 3167 2811 3235 generalis
2842 3179 2955 3222 non
2998 3173 3082 3222 est
3106 3166 3349 3233 speciale
3388 3163 3706 3224 attributum,

2224 3245 2321 3298 sed
2350 3245 2541 3298 omnia
2568 3241 3001 3311 comprehendit,
3026 3242 3101 3297 ib.

2162 3319 2513 3373 Distributiva
2531 3327 2611 3372 est
2632 3319 2931 3372 forinaliter
2956 3317 3015 3371 in
3034 3320 3161 3381 Deo,
3184 3315 3586 3371 eommutntiva
3602 3314 3715 3368 enti·

2226 3403 2421 3452 neuter
2450 3403 2679 3458 tantum,
2706 3397 2779 3450 ib.

2161 3471 2515 3528 Distributiva
2540 3485 2605 3526 ex
2628 3471 2851 3540 propria
2876 3471 3085 3526 ratione
3104 3477 3327 3538 paetum
3362 3470 3623 3536 requirit,
3654 3470 3717 3520 ιι).

2159 3549 2276 3602 Non
2295 3547 2401 3601 nisi
2424 3561 2491 3602 ex
2510 3547 2874 3616 promissione
2892 3547 2995 3600 sub
3012 3547 3332 3600 conditione
3351 3546 3547 3613 operis
3560 3543 3719 3611 nqui-

2220 3623 2469 3684 valentis,
2486 3622 2709 3690 iustitiae
2734 3623 2981 3678 debitum
3010 3622 3185 3676 oritur
3218 3623 3277 3675 in
3302 3624 3441 3686 Deo,
3464 3635 3511 3674 s.
3546 3627 3597 3674 ⁵.

2156 3699 2427 3754 Iustitiam
2450 3699 2595 3753 inter
2625 3711 2841 3753 servum
2864 3703 2919 3751 et
2935 3697 3223 3752 dominum
3251 3697 3603 3751 intercedere
3624 3709 3721 3749 non

2227 3781 2512 3844 repugnat,
2550 3775 2627 3828 ιι).

2159 3852 2257 3906 Ius
2286 3856 2548 3906 creaturae
2572 3851 2643 3905 ad
2676 3863 2793 3905 rem
2828 3863 2931 3906 nec
2956 3851 3161 3906 minuit
3178 3850 3489 3918 perfeetum
3508 3849 3607 3904 bei
3636 3849 3727 3902 do-

2228 3925 2485 3993 minium,
2510 3939 2613 3981 nec
2633 3927 3099 3994 imperfectionem
3119 3927 3363 3995 aliquam
3388 3926 3453 3980 in
3472 3937 3549 3980 eo
3566 3925 3729 3992 ponit.

2230 4003 2305 4058 ib.

2164 4079 2376 4134 Iustitia
2426 4093 2537 4135 non
2588 4079 2819 4135 attendit
2864 4080 3222 4147 aequalitatem
3267 4078 3417 4133 inter
3453 4089 3733 4145 personas,

2229 4157 2327 4211 se'd
2348 4156 2493 4212 inter
2514 4156 2705 4211 datum
2726 4161 2781 4210 et
2802 4161 3102 4224 acceptum

2778 4321 3121 4364 ΣὈΒΤΙΙΙΕΑΤΙΟ.

2166 4429 2288 4488 Fuit
2320 4446 2417 4500 per
2441 4431 2719 4502 propriam
2753 4438 2804 4486 et
2838 4429 3135 4500 perfectam
3168 4429 3593 4490 contritionem,
3620 4435 3732 4480 tan-

2231 4523 2395 4575 quam
2428 4521 2528 4576 per
2556 4507 2806 4562 ultimam
2828 4507 3265 4576 dispositionem,
3298 4505 3355 4560 cl.
3394 4509 3445 4568 4,
3472 4519 3517 4558 5.
3548 4509 3601 4556 8.

2165 4583 2313 4638 Idem
2340 4589 2419 4638 est
2450 4583 2601 4651 quod
2630 4583 3007 4646 sanctificatio,
3032 4583 3107 4636 ιι).

2165 4659 2480 4714 105ιιιῑοοιἰο
2512 4665 2593 4713 05ι
2626 4659 2903 4713 translatio
2936 4661 3007 4714 ab
3030 4663 3169 4712 statu
3198 4656 3401 4724 peccati
3449 4654 3509 4708 ιιι
3539 4660 3734 4710 statum

2230 4736 2431 4804 gratiae,
2457 4735 2533 4788 ib

2166 4811 2481 4866 iustificatio
2508 4809 2741 4865 includit
2774 4807 3157 4864 remissionem
3180 4811 3531 4877 peccatorum
3560 4813 3617 4862 et
3650 4805 3735 4858 in·

2232 4885 2506 4941 fusionem
2538 4886 2723 4954 gratiae
2768 4885 3094 4950 habitualis,
3139 4885 3286 4938 unde
3318 4884 3515 4938 eadem
3556 4889 3641 4936 est
3670 4881 3737 4936 ad

2232 4962 2629 5024 remissionem,
2674 4974 2798 5028 quae
2830 4961 2901 5014 ad
2930 4959 3393 5028 justificationem,
3428 4957 3733 5026 dispositio,

2233 5039 2308 5092 ιι).

2168 5109 2285 5167 Non
2310 5119 2490 5167 tamen
2526 5119 2605 5166 est
2634 5125 2857 5181 prorsus
2886 5109 3033 5166 idem
3050 5111 3368 5179 Justificatio
3389 5122 3519 5164 cum
3544 5109 3733 5162 remis-

2232 5190 2387 5244 sione
2421 5187 2645 5275 peccati,
2670 5189 2801 5254 quia
2828 5187 2954 5256 plus
2970 5187 3285 5254 justificatio
3315 5185 3731 5251 includitquam

2233 5264 2481 5320 remissio
2516 5263 2742 5332 proecise
2774 5270 3007 5331 sumpta,
3039 5264 3117 5316 ib.

2170 5334 2231 5396 in
2260 5341 2644 5408 justificatione
2686 5341 2983 5408 peccatoris
3031 5352 3143 5395 non
3189 5337 3482 5394 intercedit
3526 5351 3655 5392 vera
3682 5341 3729 5387 et

2234 5417 2454 5485 propria
2478 5416 2687 5484 justitia
2718 5429 2785 5470 ex
2808 5423 2957 5485 parte
2978 5415 3093 5486 Dei,
3114 5417 3212 5471 sed
3237 5429 3455 5483 semper
3484 5420 3563 5468 est
3596 5425 3730 5479 opus

2238 5487 2640 5560 misericordiae,
2661 5505 2705 5546 5.
2726 5497 2775 5546 9.
