3892 6167
546 332 656 391 172

537 436 656 502 bus
681 435 751 499 fit
796 432 1036 499 mentio
1080 433 1414 498 Justiuiani
1465 434 1882 517 imperatoris,
1925 435 2094 498 inter

537 529 882 595 Catholices
927 534 990 590 et
1027 528 1233 609 justos
1269 534 1658 592 numeratur.
1690 528 2094 592 Fundamen-

537 632 670 693 tum
697 624 890 704 hujus
918 624 1146 692 erroris
1175 623 1380 695 solum
1415 624 1556 698 fuit,
1591 623 1738 705 quia
1779 641 1912 687 non
1939 622 2092 686 exis·

539 716 848 779 timabant
882 714 986 777 isti
1009 712 1310 779 'haeretici
1335 715 1613 779 Verbum
1645 715 1928 779 divinum
1957 733 2093 778 cor-

535 828 655 894 pus
681 812 972 893 passibile
1004 811 1312 877 decuisse.
1359 812 1436 875 Iu
1483 828 1756 892 quorum
1808 810 2091 875 favorem

538 905 801 986 adjungi
827 911 1033 986 potest
1072 904 1228 968 illud
1260 904 1418 967 Psal.
1455 908 1554 981 15,
1588 911 1652 967 et
1675 906 1975 966 Actorum
2002 906 2042 965 2
2072 922 2087 965 τ

538 1001 616 1067 N
611 1018 685 1063 cm
701 1000 880 1063 dabis
897 998 1198 1064 Sanctum
1215 1004 1388 1063 tum
1409 1000 1612 1063 vidue
1627 997 2089 1078 emotionem.

540 1092 868 1157 Secundus
919 1110 1098 1155 error
1145 1092 1246 1153 hic
1271 1092 1496 1155 referri
1547 1096 1754 1173 potest
1795 1107 2095 1170 quorum·-

539 1186 710 1261 dam,
720 1187 830 1265 qui
857 1190 1170 1267 negarunt
1185 1184 1600 1265 assumpsisse
1619 1184 1932 1246 Christum
1962 1200 2094 1244 eor-

535 1298 654 1360 pus
681 1296 870 1360 grave
898 1279 1070 1357 quod
1091 1284 1318 1343 natura
1337 1297 1454 1340 sua
1475 1278 1776 1343 deorsum
1792 1276 2087 1341 terretur.

533 1372 630 1435 Ita
655 1372 854 1436 sensit
884 1372 1250 1435 Theodorus
1280 1373 1562 1451 quidam,
1587 1378 1660 1433 ut
1685 1371 1873 1436 refert
1895 1368 2091 1443 Beda,

534 1464 646 1529 lib.
677 1466 717 1527 2
759 1465 822 1525 in
859 1465 1074 1541 Marc„
1107 1484 1162 1527 c.
1195 1467 1308 1538 28;
1353 1472 1420 1528 et
1441 1466 1516 1527 D.
1557 1466 1858 1539 Thomas,
1882 1463 1949 1524 in
1977 1462 2093 1525 Ca·

534 1564 706 1635 teus,
749 1556 967 1623 Matth.
1001 1561 1120 1632 {43
1151 1558 1434 1637 Clictov.,
1468 1577 1658 1639 super
1693 1560 2088 1632 Damascum,

533 1652 643 1718 lib.
672 1656 734 1728 3,
763 1672 821 1715 c.
853 1656 952 1715 15.
981 1651 1492 1715 Fundamentum
1509 1653 1774 1715 fortasse
1800 1652 1920 1714 fuit
1941 1650 2093 1730 quia

535 1747 811 1811 Christus
835 1764 1028 1825 super
1053 1765 1251 1826 aquas
1275 1747 1662 1810 ambulabat.

614 1844 676 1903 2.
717 1840 866 1903 Dico
911 1847 1126 1903 tamen
1194 1840 1421 1920 prime,
1470 1839 1879 1919 assumpsisse
1921 1839 2085 1901 Ver—-

531 1933 684 1997 bum
737 1948 966 2011 corpus
1031 1933 1380 1995 humanum
1439 1950 1590 1995 vere
1651 1933 1951 2014 passibile
2008 1950 2085 1995 ac

525 2026 792 2091 mortale
812 2073 829 2101 ,
880 2033 1072 2108 atque
1141 2027 1300 2091 adeo
1385 2046 1608 2091 carens
1666 2027 1918 2091 dotibus
1964 2044 2085 2088 seu

523 2120 1011 2202 perfectionibus
1048 2121 1282 2203 gloriae.
1316 2123 1422 2185 Est
1449 2124 1530 2185 de
1569 2121 1714 2197 fide,
1747 2140 1890 2203 quse
1933 2120 2087 2183 satis

529 2220 775 2277 constat
802 2234 882 2277 ex
923 2216 1033 2278 illo
1079 2216 1226 2279 Luc.
1252 2218 1332 2280 22
1362 2236 1377 2278 :
1411 2217 1486 2283 N
1485 2234 1634 2281 oum
1657 2216 1925 2297 oportuit
1950 2214 2089 2296 pati

535 2308 883 2381 emtum,
927 2316 990 2374 et
1021 2312 1114 2374 ita
1167 2311 1407 2375 intrare
1455 2310 1524 2373 in
1574 2310 1838 2391 qlorian
1863 2309 2087 2373 suam?

531 2407 777 2465 constat
801 2402 994 2468 etium
1031 2422 1110 2465 ex
1153 2410 1284 2466 toto
1325 2404 1653 2485 Evangelii
1681 2404 1990 2478 discursu,
2024 2403 2093 2464 in

529 2514 656 2579 quo
688 2496 1042 2561 affirmatur
1089 2497 1398 2561 Christum
1453 2516 1712 2577 passum
1761 2498 1956 2559 fuisse
2000 2496 2093 2559 fa-

528 2607 729 2665 mem,
751 2592 970 2653 Matth.
1000 2595 1065 2666 4,
1087 2592 1280 2667 sitim,
1299 2591 1521 2654 Matth.
1550 2596 1654 2663 27,
1676 2590 1957 2671 corporis
1981 2590 2093 2651 de·

527 2684 986 2765 fatigationem,
1013 2684 1270 2747 Ioannis
1295 2687 1360 2761 4,
1401 2702 1538 2765 quas
1571 2702 1720 2746 vera
1773 2702 1912 2746 esse
1960 2702 2087 2745 non

529 2780 815 2857 possunt,
843 2777 898 2838 si
921 2795 1148 2857 corpus
1183 2796 1333 2839 vere
1359 2778 1654 2858 passibile
1686 2794 1814 2841 non
1841 2776 2083 2839 babuit.

527 2868 752 2933 Dicere
770 2875 1008 2944 autem,
1045 2872 1254 2951 specie
1281 2872 1510 2946 solum,
1543 2878 1608 2934 et
1639 2890 1771 2934 non
1825 2873 2087 2935 veritate

529 2959 662 3025 haec
693 2980 948 3041 passum
974 2980 1140 3035 esse,
1171 2972 1386 3027 contra
1405 2964 1598 3026 fidem
1617 2965 1949 3045 Scripturas
1966 2972 2084 3041 est,

528 3056 876 3135 prasertim
903 3074 1050 3119 cum
1067 3057 1212 3119 lsai.
1241 3060 1324 3119 53
1343 3056 1628 3121 dicatur:
1668 3058 1814 3126 Vere
1836 3058 2093 3140 lanquo-

528 3168 628 3214 πο
653 3155 893 3214 norme
917 3152 1050 3232 ipsc
1091 3150 1238 3216 tulit
1253 3174 1284 3225 ,0
1307 3158 1410 3213 est
1449 3152 1636 3213 etiam
1668 3158 1888 3214 eontra
1931 3152 2083 3213 veri·

529 3245 727 3307 tatem
773 3244 1248 3325 redemptionis,
1276 3250 1341 3307 et
1379 3244 1530 3307 fidei
1573 3250 1828 3319 nostrae,
1857 3244 2011 3324 quia
2038 3245 2091 3306 si

535 3356 664 3401 nou
687 3354 836 3400 vere
863 3344 1148 3399 mortuus
1170 3344 1286 3409 est,
1316 3355 1436 3399 nec
1462 3355 1608 3400 vere
1633 3355 1750 3399 nos
1797 3339 2086 3414 redemit,

527 3450 648 3495 uec
676 3448 828 3493 vere
879 3432 1255 3501 resurrexit:
1290 3449 1452 3493 vana
1504 3438 1672 3494 esset
1727 3448 1880 3511 ergo
1933 3432 2092 3495 fides

527 3532 766 3596 nostra,
797 3526 956 3587 utin
993 3525 1178 3587 simili
1203 3532 1686 3606 argumentatur
1707 3525 1880 3590 Paul.
1887 3570 1910 3603 ,
1941 3529 1974 3589 1
2004 3525 2089 3588 ad

424 3642 428 3647 ’
525 3619 667 3681 Cor.
689 3620 788 3681 15.
819 3619 1106 3698 Denique
1136 3618 1388 3690 Paulus,
1406 3619 1489 3680 ad
1519 3619 1714 3681 Hebr.
1743 3620 1806 3693 2,
1834 3626 2090 3700 propter

526 3728 758 3793 corpus
783 3711 1082 3793 passibile
1109 3712 1286 3789 dicit,
1315 3712 1628 3776 Christum
1656 3713 1848 3793 paulo
1889 3713 2089 3775 fuisse

527 3806 912 3869 minoratum
947 3806 1037 3867 ab
1055 3806 1338 3887 Angelis,
1366 3814 1428 3869 et
1477 3824 1735 3869 causam
1763 3806 1974 3869 reddit
1994 3806 2090 3870 di·-

525 3916 709 3976 cens,
766 3898 909 3981 quia
943 3900 1124 3980 pueri
1181 3901 1764 3965 communicaverunt
1811 3903 1991 3964 carni
2028 3907 2087 3965 ec

523 3993 816 4075 sanguim·
853 3994 992 4073 (per
1016 4010 1160 4073 quse
1187 4011 1414 4074 corpus
1439 3992 1740 4073 passibile
1776 3992 2086 4073 significa-

522 4088 1054 4167 tur)‚.oportuisse
1093 4087 1326 4149 Filium
1375 4088 1510 4163 Dei,
1553 4086 1794 4151 eisdem
1834 4088 2087 4168 partici-

522 4199 733 4262 passe,
747 4187 808 4243 et
837 4181 974 4243 fieri
1001 4180 1302 4243 &utribus
1317 4182 1611 4258 similem,
1630 4188 1704 4243 ut
1723 4182 2085 4245 misericors

522 4273 734 4351 fieren
768 4282 832 4337 et
859 4294 916 4336 c.
963 4276 1040 4338 12
1069 4275 1262 4337 aliam
1299 4276 1506 4338 reddit
1529 4276 1861 4353 rationem,
1886 4294 2083 4358 quam

526 4368 714 4431 etiam
769 4366 992 4430 docuit
1037 4369 1279 4443 Petrus,
1322 4370 1528 4449 >prima
1561 4370 1890 4447 canonica,
1932 4388 1988 4433 c.
2017 4376 2079 4447 2,

526 4460 744 4523 dicens
773 4479 788 4523 z
823 4458 1112 4527 Clu-istm
1144 4480 1370 4544 passm
1393 4467 1487 4529 eet
1527 4479 1640 4543 pro
1673 4464 1868 4541 nobis,
1915 4467 2083 4529 vobis

522 4556 865 4637 nunqnam
881 4556 1236 4638 cumptum,
1254 4564 1374 4619 etc.
1405 4557 1693 4637 Denique
1719 4565 1936 4621 contra
1965 4560 2083 4621 hos

522 4649 858 4713 haereticos
889 4648 1131 4712 iaciunt
1148 4668 1372 4711 omues
1422 4651 1785 4733 Scripturas,
1815 4670 1957 4733 quse
1983 4672 2083 4716 su·

521 4760 637 4823 pra
667 4748 886 4805 contra
916 4742 1286 4806 Manichaeos
1315 4750 1380 4806 et
1409 4744 1566 4807 alios
1594 4746 1880 4809 adductas
1909 4754 2078 4809 sunt.

522 4837 681 4900 illud
707 4837 875 4899 euim
895 4840 1058 4901 inter
1085 4840 1201 4901 hos
1228 4838 1544 4901 hereticos
1573 4842 1888 4919 convenit,
1909 4842 2081 4922 quod

523 4931 725 4994 sol-um
753 4932 958 5011 speeie
989 4938 1056 4994 et
1083 4934 1452 5011 apparentia
1481 4934 1793 4997 Christum
1821 4952 2081 5016 passum

521 5040 662 5087 esse
715 5022 1027 5098 dicebant,
1077 5031 1336 5105 propter
1387 5026 1561 5107 quod
1621 5028 2079 5092 phantasiastas

523 5116 671 5181 dicti
693 5124 863 5196 sunt,
895 5126 967 5181 ut
987 5116 1614 5199 Nicephorusrefert,
1646 5118 1755 5182 lib.
1803 5122 1904 5198 18,
1937 5138 2075 5202 cap.

526 5215 628 5274 45.
657 5212 973 5288 Secundo,
1007 5212 1265 5274 delinita
1295 5218 1391 5274 est
1431 5213 1567 5273 haee
1590 5214 1823 5276 veritas
1852 5216 1919 5277 in
1947 5220 2081 5277 toto

519 5302 792 5368 Concilio
813 5305 1150 5385 ssphcsin03
1171 5306 1489 5383 chalced„
1507 5314 1632 5368 act.
1651 5310 1713 5381 53
1729 5309 1782 5369 V
1797 5309 2082 5390 SynodO,

522 5404 645 5459 act.
675 5396 750 5471 ὃς
783 5398 864 5461 vl
906 5398 1184 5478 synodo,
1231 5405 1353 5461 act.
1391 5401 1490 5477 11,
1527 5400 1608 5462 13
1653 5408 1718 5464 et
1761 5404 1868 5475 18;
1895 5402 2082 5465 ‘Late-

522 5506 686 5565 rsn„
727 5489 850 5554 sub
870 5492 1138 5555 Martino
1163 5493 1211 5569 Ι,
1239 5498 1304 5555 et
1330 5492 1466 5555 aliis
1480 5513 1506 5571 ς
1528 5498 1598 5556 et
1623 5492 1812 5561 trudit
1851 5495 2079 5557 Dama·-

1753 334 1989 397 Qu-sss'r.
2025 333 2153 389 xlv.
2189 334 2390 388 AR'ssG.
2426 336 2509 388 lv.

2175 452 2285 497 sus
2314 434 2505 517 Papa,
2530 435 2598 498 in
2620 436 2802 517 epist.
2830 444 2894 500 et
2917 435 2984 498 in
3010 434 3410 518 professione·
3426 440 3563 501 suas
3596 438 3733 503 fidei

2172 528 2256 592 ad
2283 529 2644 604 Paulinum3
2680 533 2745 594 et
2776 529 3207 611 Eutychiauus
3236 528 3429 611 Papa,
3453 530 3645 611 epist.
3678 536 3703 596 1
3713 550 3732 611 ;

2174 624 2298 686 Leo
2340 626 2529 705 Papa,
2580 624 2761 705 epist.
2822 627 2933 697 ss:
2977 624 3367 699 Ambrosius,
3396 624 3515 687 lib.
3576 631 3617 689 2
3661 628 3735 691 de
3842 630 3844 649 ²

2176 716 2349 790 Fide,
2387 734 2441 779 c.
2474 720 2539 793 4,
2570 724 2635 779 et
2660 716 2768 778 lib.
2820 716 2901 777 de
2943 717 3189 779 Inearn.
3222 719 3405 781 Dom.
3440 736 3734 796 sacram„
3827 720 3844 764 -³

2176 829 2232 875 e.
2264 814 2307 873 6
2352 818 2417 873 et
2444 814 2511 887 Ἲς
2542 811 2954 889 Augustinus,
2984 810 3173 890 epist.
3206 813 3361 884 1⁴65
3394 814 3737 875 Damasce-

2176 922 2320 981 nus,
2346 905 2453 967 lib.
2480 906 2540 979 3,
2556 921 2613 966 c.
2636 905 2757 980 283
2788 911 2855 966 et
2872 905 3316 978 Tertullianus,
3342 904 3459 967 lib.
3484 906 3572 968 de
3598 906 3738 968 Car-
3829 896 3845 963 st

2174 1016 2261 1061 ne
2290 997 2517 1062 Christi
2532 1012 2553 1076 ;
2582 1005 2647 1060 et
2672 998 2829 1060 alios
2877 998 2947 1057 in
2980 999 3387 1077 sequentibus
3438 999 3737 1061 referam.
3842 988 3845 1027 ³

2172 1093 2404 1168 Tertio,
2434 1092 2595 1153 ratio
2628 1091 2955 1172 potissima
2982 1091 3295 1154 sumenda
3326 1098 3425 1155 est:
3469 1110 3561 1154 ex
3616 1093 3737 1157 fine

2172 1184 2664 1266 redemptionis3
2718 1202 2903 1261 nam,
2954 1183 3106 1247 licet
3156 1202 3387 1267 corpus
3436 1186 3739 1266 passibiie

2173 1296 2303 1341 nou
2329 1279 2518 1341 fuerit
2554 1281 2939 1343 conveniens
2971 1279 3216 1341 Christo
3264 1280 3631 1342 secundum
3650 1298 3733 1357 sc,

2172 1380 2429 1455 Propter
2446 1373 2747 1436 unionem
2791 1374 2873 1436 ad
2900 1374 3199 1447 Verbum,
3232 1378 3295 1437 et
3318 1381 3595 1455 propter
3620 1376 3737 1437 ani-
3842 1366 3845 1404 ³

2172 1484 2291 1529 mae
2324 1467 2589 1547 gloriam
2607 1513 2629 1543 ,
2652 1474 2891 1543 tamen,
2940 1468 3265 1547 supposito
3293 1468 3481 1549 lapsu
3513 1468 3739 1531 huma-

2172 1576 2271 1623 nas
2294 1567 2559 1633 natum,
2591 1566 2653 1622 et
2679 1560 3055 1623 necessitate
3085 1560 3547 1641 redemptionis
3600 1578 3737 1624 nos-

2177 1660 2309 1729 ιω,
2340 1652 2685 1733 expediens
2706 1655 2965 1717 omniuo
2994 1654 3114 1716 fuit
3158 1654 3486 1717 Christum
3514 1656 3737 1734 hujus-

2168 1746 2339 1809 modi
2360 1764 2589 1827 corpus
2618 1747 2961 1828 suscipere,
2989 1754 3061 1809 ut
3092 1749 3475 1828 exponendo
3496 1752 3735 1811 textum

2169 1841 2239 1902 D.
2294 1842 2552 1903 Thomoe
2604 1840 2757 1904 satis
2805 1840 3194 1904 declaratum
3248 1848 3379 1919 est,
3424 1848 3495 1905 et
3548 1858 3735 1922 supra

2168 1936 2379 2009 etiam,
2416 1954 2480 2017 q.
2517 1938 2575 2010 1,
2606 1941 2725 1997 art.
2754 1938 2819 2011 Ξ,
2846 1940 2911 1997 et
2938 1935 3181 1997 dicetur
3214 1935 3399 2011 infra,
3431 1954 3504 2015 q.
3551 1938 3643 1999 46
3686 1944 3735 1998 et

2166 2032 2270 2093 47.
2305 2031 2577 2093 Utuntur
2630 2028 2821 2091 etiam
2860 2028 3073 2091 Patres
3126 2028 3443 2091 interdum
3486 2030 3606 2091 illa
3646 2048 3737 2091 ra-

2167 2122 2363 2199 tione,
2416 2121 2565 2203 quia
2614 2122 2774 2184 alius
2826 2138 3057 2205 corpus
3112 2120 3339 2184 Christi
3388 2138 3525 2183 uon
3564 2130 3729 2185 essct

2168 2216 2453 2296 ejusdem
2481 2222 2725 2278 naturae
2768 2234 2914 2278 cum
2960 2220 3205 2290 nostro,
3238 2222 3308 2277 ut
3355 2218 3613 2277 constat
3668 2234 3733 2277 ex

2166 2310 2582 2384 Damascene,
2622 2308 2994 2392 Nicephoro,
3024 2316 3089 2371 et
3114 2309 3254 2371 aliis
3278 2326 3475 2389 supra
3503 2310 3729 2371 citatis.

2172 2406 2321 2480 Quoe
2340 2404 2503 2465 ratio
2534 2420 2649 2483 per
2676 2420 2745 2465 se
2776 2409 3025 2483 sumpta
3054 2420 3184 2465 non
3213 2402 3468 2465 videtur
3486 2404 3729 2480 efficax,

2172 2497 2320 2578 quia
2348 2496 2549 2577 potuit
2578 2514 2720 2559 esse
2766 2514 2993 2576 eorpus
3029 2496 3253 2559 Christi
3284 2496 3535 2557 Domini
3562 2498 3733 2577 ejus·

2172 2591 2319 2654 dem
2355 2596 2597 2653 naturae
2622 2590 2928 2672 specificas
2967 2606 3111 2653 cum
3158 2590 3535 2671 corporibus
3578 2591 3733 2651 alio-
3817 2600 3845 2638 -2

2170 2702 2315 2749 rum
2341 2685 2693 2761 hominum,
2724 2691 2791 2747 et
2833 2700 3049 2747 tamen
3084 2700 3215 2746 uon
3258 2684 3502 2746 habere
3559 2700 3729 2747 eam-
3842 2692 3845 2730 1

2172 2778 2321 2841 dem
2358 2778 2803 2851 conditionem,
2848 2794 2961 2841 seu
3008 2782 3241 2840 statum
3286 2779 3725 2859 corruptionis.
3817 2785 3845 2828 :i

2172 2872 2389 2935 Solum
2425 2887 2583 2953 ergo
2608 2878 2815 2953 potest
2858 2872 3203 2953 procedere
3231 2872 3339 2935 illa
3374 2873 3563 2950 ratio,
3589 2890 3727 2955 sup-

2170 2965 2465 3048 ponendo
2494 2982 2573 3028 ex
2609 2966 2761 3042 fide,
2780 2966 3092 3029 Christum
3122 2982 3161 3027 a
3186 2966 3522 3048 principio,
3554 2967 3728 3029 dotes

2172 3060 2385 3139 glorioe
2414 3076 2527 3123 suo
2557 3061 2802 3141 corpori
2824 3076 2953 3122 uon
2991 3062 3519 3122 communicasse.
3554 3058 3727 3125 Unde

2170 3153 2266 3230 fit,
2292 3156 2345 3215 si
2402 3172 2629 3235 eorpus
2673 3152 2831 3215 illud
2883 3154 3000 3215 fuit
3044 3153 3453 3234 impassibile,
3490 3152 3563 3214 id
3601 3170 3727 3215 nou

2174 3248 2469 3310 habuisse
2504 3266 2581 3310 ex
2628 3248 2795 3310 dono
2838 3246 3173 3329 superiori,
3208 3247 3319 3309 sed
3366 3252 3469 3309 ex‘
3506 3250 3727 3309 natura

2173 3360 2323 3415 sua;
2356 3359 2483 3423 quo
2505 3349 2691 3423 pacto
2713 3346 2883 3404 recte
2906 3347 3275 3422 sequeretur
3300 3357 3439 3403 esse
3470 3342 3727 3403 alterius

2170 3443 2413 3499 naturae
2452 3454 2486 3498 a
2514 3436 2882 3517 corporibus
2906 3436 3175 3498 aliorum
3207 3436 3567 3497 homiuum.

2252 3532 2313 3593 3.
2355 3530 2505 3593 Dico
2556 3531 2857 3607 secundo,
2890 3530 3307 3611 assumpsisse
3354 3528 3637 3590 Verbum
3668 3530 3729 3589 ia

2172 3644 2431 3706 corpore
2472 3625 2749 3685 humano
2793 3624 2931 3685 illos
2973 3624 3270 3699 defectus,
3304 3623 3409 3701 qui
3454 3628 3605 3683 sunt
3634 3640 3727 3681 vc-

2170 3718 2281 3782 lnti
2338 3718 2659 3781 naturales
2712 3718 3151 3799 proprietates,
3182 3718 3560 3779 comitantes
3588 3734 3729 3778 cou-

2170 3812 2471 3875 ditionem
2502 3812 2779 3891 corporis
2802 3810 3084 3873 mortalis
3112 3828 3223 3873 seu
3254 3809 3594 3890 passibilis,
3624 3810 3727 3871 Est

2168 3913 2338 3969 certa
2366 3907 2707 3981 conclusio,
2744 3922 2887 3986 quoe
2916 3922 2994 3967 ex
3026 3907 3096 3969 Ι).
3134 3906 3377 3967 Thema
3422 3905 3527 3966 hie
3556 3904 3724 3967 colli·

2170 4001 2359 4081 gitur,
2392 4004 2455 4061 et
2481 4016 2558 4061 ex
2606 3998 2743 4061 aliis
2786 3999 3209 4072 ScholasticiS,
3239 3998 3308 4060 in
3337 4000 3399 4075 3,
3430 3998 3577 4061 dist.
3622 4000 3717 4074 15,

2170 4100 2233 4157 et
2262 4094 2547 4173 sequitur
2572 4098 2791 4173 aperte
2824 4110 2904 4155 ex
2930 4092 3339 4173 praecedenti,
3371 4097 3435 4155 et
3458 4107 3543 4154 ex
3570 4098 3719 4154 trac>

2167 4186 2310 4249 tatis
2336 4204 2549 4267 supra,
2582 4202 2651 4263 q:
2686 4190 2725 4248 5
2772 4192 2834 4248 et
2868 4190 2931 4263 6,
2960 4184 3066 4247 ubi
3108 4186 3447 4267 probatum
3490 4191 3591 4249 est
3624 4201 3717 4247 as-

2166 4280 2508 4360 sumpsisse
2538 4278 2849 4342 Christum
2899 4298 3119 4342 omnes
3164 4282 3582 4361 proprietates
3607 4277 3717 4340 hu-

2164 4390 2371 4435 manae
2389 4381 2657 4446 naturai,
2690 4378 2753 4436 et
2776 4373 3087 4454 quidquid
3123 4376 3189 4435 in
3232 4375 3337 4436 illa
3380 4372 3709 4454 plantavit;

2167 4475 2231 4531 et
2256 4469 2323 4529 iu
2352 4467 2929 4548 speciedeclaratur
2952 4474 3165 4530 contra
3187 4464 3539 4531 secuudum
3562 4487 3715 4531 erro-

2164 4578 2299 4624 rem
2328 4579 2518 4641 supra
2546 4562 2800 4623 citatum
2824 4580 2839 4637 ;
2861 4563 3034 4641 quia,
3058 4563 3221 4624 sicut
3250 4580 3483 4643 corpus
3504 4564 3713 4625 Christi
3839 4552 3841 4561 '

2164 4655 2365 4718 caruit
2396 4655 2610 4734 glorias
2645 4656 3111 4718 immortalitate
3130 4702 3151 4733 ,
3178 4656 3673 4737 impassibilitate
3692 4701 3708 4729 ‚

2164 4748 2252 4810 ita
2268 4748 2461 4811 etiam
2486 4749 2686 4811 caruit
2712 4749 2996 4813 claritate
3026 4756 3089 4810 et
3108 4748 3385 4829 agilitate
3402 4766 3421 4828 3
3438 4748 3560 4813 fuit
3576 4766 3709 4829 ergo

2164 4858 2391 4923 corpus
2416 4842 2551 4921 ejus
2572 4858 2784 4923 grave,
2812 4842 2971 4904 sicut
2990 4848 3135 4905 sunt
3164 4849 3409 4915 nostra;
3440 4842 3711 4923 sequitur

2163 4937 2333 4999 enim
2358 4936 2494 4998 haee·
2530 4936 2880 5016 proprietas
2924 4936 3297 5000 naturaliter
3326 4952 3409 4999 ex
3465 4935 3708 4999 humani

2162 5029 2441 5109 corporis
2492 5029 2971 5111 compositione,
2998 5030 3119 5092 nisi
3164 5030 3707 5111 supernaturaliter

2162 5122 2571 5202 impediatur3
2606 5138 2735 5183 uon
2772 5128 2863 5185 est
2914 5130 3125 5185 autem
3160 5118 3471 5203 impedita
3500 5125 3567 5185 in·
3593 5140 3707 5185 cor-

2163 5233 2317 5297 pore
2350 5215 2655 5297 passibili,
2680 5216 2861 5297 cujus
2890 5217 3140 5297 signum
3160 5216 3581 5280 certissimum
3604 5220 3701 5289 est,

2161 5309 2311 5389 quia
2338 5327 2568 5391 corpus
2606 5309 2762 5371 illud
2804 5310 3186 5373 ambulando
3210 5310 3617 5391 fatigabatur,
3648 5314 3703 5369 ut

2158 5408 2400 5468 constat
2419 5404 2604 5468 Joan.
2630 5406 2672 5465 4
2686 5419 2709 5483 ;
2740 5402 2845 5466 illa
2871 5405 3039 5466 enim
3066 5404 3432 5487 defatigatio
3462 5424 3541 5469 ex
3566 5422 3699 5485 gra·

2160 5501 2349 5559 vlt-ate
2395 5504 2457 5561 et
2507 5498 2787 5583 corporis
2817 5498 3217 5585 corruptione
3247 5500 3559 5585 provenit.
3592 5498 3697 5562 Ea-

3833 2 3845 333 1

3826 399 3845 488 {2

3842 520 3845 561 ι

3821 771 3837 872 1
