3892 6167
624 333 741 404 258

619 540 811 621 gust.‚
838 536 946 595 lib.
979 538 1196 594 contra
1224 530 1541 606 Felieian.‚
1566 550 1622 591 c.
1654 533 1721 590 ti
1767 552 1783 589 τ
1819 532 1902 592 In
1920 530 2172 603 homine,

617 629 842 711 inquit,
864 644 983 689 non
1003 626 1165 687 alius
1200 624 1367 686 homo
1392 626 1618 695 anima,
1654 623 1820 687 alius
1852 624 2020 685 homo
2051 640 2206 716 cor-J

615 742 755 809 pus,
787 725 893 786 sed
909 722 1081 783 aliud
1111 718 1334 791 anima,
1365 718 1541 781 aliud
1564 734 1800 796 corpu-5,
1836 719 1927 780 sic
1958 719 2025 778 in
2053 716 2176 778 Me-

616 820 869 889 aiaton,
890 816 1067 878 aliud
1084 816 1203 877 Dei
1225 811 1456 885 Filius,
1497 813 1670 875 aliud
1694 812 1956 875 hominis
1983 810 2176 889 filius,

616 914 721 975 sed
748 928 866 973 non
891 910 1054 971 alius
1075 914 1131 971 et
1164 906 1347 979 alius,
1385 907 1492 969 sed
1520 924 1680 969 unus
1718 912 1773 968 et
1799 906 1974 968 idem.
2007 902 2179 964 Idem

612 1004 746 1067 fere
774 1004 839 1065 in
878 1000 1217 1076 Enciiirid„
1253 1018 1307 1061 c.
1354 1002 1429 1061 33
1468 1004 1529 1061 et
1573 1002 1672 1061 36.
1710 1000 1784 1061 Et
1820 996 2180 1059 confirmari

612 1104 843 1179 potest,
870 1114 1040 1169 nam,
1074 1096 1123 1155 si
1145 1092 1317 1156 aliud
1338 1098 1393 1155 et
1409 1092 1583 1155 aliud
1599 1092 1833 1154 diceret
1856 1090 2176 1151 diversita-

610 1196 741 1254 tem
765 1189 1251 1269 suppositorum,
1270 1186 1336 1247 in
1356 1186 1660 1248 Trinitate
1690 1188 1867 1248 Pater
1898 1190 1956 1246 et
1985 1182 2174 1245 Filius

611 1290 864 1367 possent
897 1280 1015 1343 dici
1047 1280 1215 1341 aliud
1264 1285 1326 1342 et
1372 1279 1567 1355 aliud,
1601 1279 1772 1359 quod
1820 1284 1917 1340 est
1959 1283 2174 1340 contra

612 1394 829 1441 omnes
848 1376 1130 1446 sanctos,
1163 1375 1494 1454 Augustin.
1525 1380 1587 1434 et
1614 1374 1927 1443 Damasc.‚
1953 1388 2167 1450 supra,

608 1470 891 1545 Nazian.,
920 1474 981 1530 et
1005 1468 1184 1543 alios,
1210 1484 1368 1547 quos
1410 1466 1623 1527 statim
1666 1466 1961 1527 referam.
1993 1462 2170 1538 Quod

610 1564 661 1627 si
686 1562 1139 1643 respondeatur
1159 1560 1491 1622 relativum
1518 1561 1707 1633 aliud,
1734 1558 1943 1620 dicere
1968 1558 2171 1619 diver·

608 1658 859 1721 sitatem
882 1655 1183 1736 suppositi
1212 1660 1272 1716 et
1296 1660 1555 1730 naturae,
1583 1658 1645 1714 et
1668 1672 1744 1714 ex
1768 1651 2046 1713 secundo
2071 1668 2170 1711 ca-

606 1750 757 1833 pite,
792 1750 965 1811 illam
1004 1748 1390 1810 locutionem
1438 1748 1502 1807 in
1538 1747 1835 1809 'trinitate
1887 1764 2024 1807 esse
2050 1744 2171 1805 fal-

607 1860 765 1917 sam,
798 1851 1015 1906 contra
1054 1842 1172 1903 hoc
1198 1848 1293 1903 est
1320 1841 1479 1902 ratio
1524 1856 1665 1921 quoe
1714 1856 1791 1901 ex
1828 1840 1897 1899 D.
1930 1837 2169 1900 Thomu

605 1956 795 2017 supra
815 1935 1181 2009 desumitur,
1211 1936 1356 2014 quia
1383 1934 1638 1998 alterum
1664 1939 1719 1997 et
1749 1934 2011 1997 alterum
2039 1948 2168 1993 non

606 2030 824 2093 dicunt
864 2028 1285 2090 diversitatem
1318 2027 1646 2107 suppositi,
1678 2046 1829 2087 num
1860 2028 2032 2088 idem
2073 2025 2166 2086 di·

604 2122 764 2187 citur
792 2123 1001 2183 altera
1029 2140 1096 2183 se
1114 2122 1272 2202 ipso,
1300 2122 1347 2182 si
1387 2120 1856 2182 accidentaliter
1886 2126 2166 2181 mutatus

605 2217 683 2279 sit
709 2238 729 2293 3
764 2234 915 2296 ergo
953 2233 1160 2294 noque
1202 2216 1381 2279 aliud
1401 2220 1457 2279 et
1485 2216 1661 2278 aliud
1684 2216 2042 2277 necessario
2071 2214 2166 2275 di-

603 2310 687 2371 cit
722 2302 1142 2371 dirersitatem
1179 2311 1675 2391 suppositorum;
1709 2326 1880 2382 nam,
1906 2306 2053 2369 licet
2085 2306 2164 2369 sit

600 2403 931 2466 relativum
981 2402 1370 2478 substantiae,
1404 2402 1609 2462 solum
1638 2402 1785 2463 dicit
1836 2402 2162 2463 diversita-

601 2504 724 2560 tem
758 2496 1155 2559 essentialem
1188 2497 1253 2557 in
1300 2502 1529 2557 natura
1582 2495 1996 2557 substantiali.

681 2595 740 2653 7.
790 2591 1077 2655 Christus
1106 2608 1224 2652 non
1249 2596 1445 2670 potest
1493 2592 1615 2653 dici
1672 2590 1839 2653 alius
1881 2595 1937 2653 et
1971 2588 2155 2652 alius.

602 2718 683 2734 ·—-
708 2686 809 2748 An
830 2686 1021 2766 possit
1045 2686 1167 2748 dici
1196 2686 1373 2748 aliud
1400 2691 1455 2749 et
1494 2684 1685 2748 aliud.
1715 2718 1797 2731 -—
1820 2686 1891 2745 In
1919 2684 2038 2746 hac
2093 2700 2162 2745 re

601 2779 805 2861 primo
834 2780 1075 2839 certum
1110 2784 1224 2850 est,
1274 2776 1590 2841 Christum
1621 2796 1751 2838 non
1806 2794 1984 2857 posse
2041 2776 2162 2837 dici

600 2872 791 2933 alium
822 2878 886 2933 et
912 2870 1129 2932 alium.
1160 2872 1253 2931 Ita
1280 2871 1506 2932 docent
1534 2872 1746 2932 Patres
1766 2872 1961 2943 citati,
1985 2871 2156 2949 quia,

598 2967 757 3027 sicut
778 2982 941 3027 unus
968 2965 1297 3027 masculine
1324 2964 1573 3045 proprie
1600 2964 1868 3025 refertur
1890 2964 1972 3025 ad
2021 2964 2162 3025 uni-

594 3066 791 3120 tatem
816 3074 1119 3139 personae,
1140 3059 1228 3120 ita
1257 3058 1440 3132 alius,
1474 3058 1556 3120 ad
1586 3059 1870 3138 ejusdem
1904 3058 2162 3120 distinc-

595 3152 859 3225 tionem,
878 3159 941 3213 et
969 3152 1111 3213 ideo
1138 3153 1202 3212 in
1229 3152 1533 3213 Trinitate
1551 3154 1733 3214 Pater
1754 3154 1980 3214 dicitur
2001 3153 2159 3213 alius

597 3264 635 3306 a
664 3242 835 3307 Filio.
870 3246 1181 3322 Secundo,
1224 3253 1316 3307 est
1344 3252 1584 3307 certum
1636 3246 1701 3307 in
1748 3247 1988 3310 Christo
2021 3264 2159 3309 esse

596 3338 767 3401 aliud
786 3344 849 3399 et
876 3338 1071 3416 aliud,
1102 3339 1247 3419 quia
1266 3344 1491 3401 natura
1520 3340 1730 3400 divina
1756 3348 1849 3403 est
1878 3340 2048 3402 aliud
2078 3340 2159 3401 ab

594 3432 895 3507 humana,
934 3436 997 3493 et
1048 3448 1081 3494 e
1133 3450 1454 3506 converso,
1501 3433 1816 3511 quomodo
1845 3434 2098 3496 Nazian.
2136 3453 2152 3496 ε

593 3525 803 3601 Aliud,
830 3527 1060 3606 inquit,
1092 3532 1147 3589 ot
1170 3528 1347 3590 aliud
1363 3532 1529 3602 sunt,
1560 3546 1635 3591 ex
1654 3528 1868 3609 quibus
1885 3534 1978 3595 est
2009 3528 2158 3592 Sal·

590 3627 787 3695 vator,
810 3628 1152 3684 nontamen
1176 3622 1339 3683 alius
1368 3628 1544 3703 atque
1570 3622 1758 3697 alius,
1801 3623 1970 3685 ambo
1997 3622 2157 3685 enim

590 3715 717 3777 Itoeo
730 3716 1088 3777 connexione
1111 3732 1297 3776 unum
1322 3722 1463 3777 sunt
1486 3740 1515 3788 ,·
1546 3716 1645 3794 cuj
1654 3734 1727 3777 us
1774 3717 2158 3778 contrarium

588 3806 739 3868 dicit
764 3826 904 3870 esse
931 3809 997 3870 in
1024 3798 1357 3883 Trinitate,
1402 3808 1508 3868 ubi
1556 3808 1737 3870 Pater
1792 3815 1888 3870 est
1934 3810 2156 3871 aliusa

590 3900 767 3978 Filio,
796 3920 925 3964 non
952 3900 1299 3973 aliud.Quoe
1334 3902 1618 3963 doctrina
1646 3902 1931 3963 Nazianz.
1965 3902 2156 3964 refer·

586 4002 690 4057 tur
718 4003 779 4058 et
808 3994 1111 4076 probatur
1134 3996 1197 4055 in
1216 3994 1402 4059 Cone.
1424 3995 1743 4066 chalced..
1761 4002 1881 4058 act.
1914 3996 2052 4070 4‚et
2077 3996 2157 4057 si·

587 4090 801 4152 milem
828 4090 1019 4151 habet
1048 4089 1377 4166 Athenae„
1404 4108 1504 4172 ep.
1524 4092 1609 4152 ad
1632 4090 1857 4172 Epict.‚
1877 4088 2149 4167 subfin.;

588 4184 805 4265 Cyru„
837 4184 948 4245 lib.
982 4184 1061 4246 de
1082 4184 1349 4253 Incarn..
1385 4202 1439 4245 c.
1475 4187 1575 4261 36,
1608 4184 1717 4245 ubi
1760 4184 1911 4246 dicit
1946 4184 2150 4246 Chris-

586 4284 723 4341 tum
745 4294 879 4339 esse
899 4277 1093 4339 Deum
1120 4284 1186 4339 et
1222 4278 1570 4354 hominem,
1602 4278 1949 4340 secundum
1981 4278 2152 4339 aliud

586 4376 653 4436 et
680 4371 871 4459 aliud.
906 4373 1031 4435 Leo
1076 4373 1255 4451 Pap„
1279 4389 1379 4453 ep.
1414 4376 1515 4449 10,
1546 4390 1603 4435 c.
1636 4375 1710 4433 4:
1752 4372 2047 4445 Quamvis
2085 4372 2152 4435 in

586 4466 845 4532 Domino
864 4466 1017 4530 ,lom
1048 4462 1295 4529 Christo
1330 4466 1449 4531 Dei
1480 4472 1537 4529 et
1573 4466 1836 4529 hominie
1864 4482 1992 4530 ena
2015 4484 2152 4549 per·

581 4576 733 4624 sona
756 4562 869 4633 sit,
900 4558 1075 4621 aliud
1105 4563 1327 4632 tamen,
1344 4560 1497 4621 unde
1520 4558 1878 4622 contumelia
1894 4560 1964 4620 in
1983 4566 2152 4622 utro-

580 4668 695 4735 que
718 4653 1065 4727 communis,
1100 4652 1275 4714 aliud
1290 4652 1443 4715 unde
1460 4652 1789 4715 communis
1802 4656 1895 4715 est
1918 4652 2141 4732 yloria.

582 4745 830 4821 Tertio,
860 4744 966 4805 illa
1014 4744 1393 4825 propositio:
1432 4744 1718 4809 Christus
1753 4751 1845 4809 est
1882 4744 2056 4807 aliud
2089 4752 2150 4811 et

580 4838 775 4911 aliua,
806 4838 1098 4918 neganda
1123 4840 1327 4918 potius
1348 4846 1463 4909 est,
1496 4856 1687 4919 quarn
1718 4837 2142 4914 concedenda,

578 4933 729 5011 quia
748 4933 925 5011 juxta
950 4948 1349 4994 communem
1378 4932 1897 5009 significationem
1912 4940 1975 4993 et
2004 4948 2147 4993 sen·

574 5016 721 5087 sum'
741 5027 895 5105 ejus,
922 5026 1331 5106 significando
1369 5025 1794 5088 diversitatem
1821 5026 1887 5085 in
1914 5032 2143 5087 natura

576 5114 1003 5194 substantiali,
1031 5116 1342 5198 significat
1372 5120 1560 5181 etiam
1598 5118 2028 5180 diversitatem
2074 5119 2140 5182 in
2221 5121 2635 5199 Augustinus,
2667 5136 2944 5181 sermon.
2978 5120 3060 5182 30
3077 5118 3156 5180 de
3199 5118 3422 5179 Verbis
3447 5110 3700 5195 Apostoli:

573 5212 1074 5293 supposito,quia
1086 5207 1832 5293 significotdiversifatem
1848 5214 1960 5273 sim
1968 5212 2138 5293 plici-

1850 332 2086 399 QUAEST.
2119 331 2269 386 XVU.
2303 334 2508 388 Amic.
2540 337 2578 387 1.

617 458 933 527 personam
968 438 1214 512 indicat,
1245 436 1419 497 aliud
1464 440 1793 510 naturam,·
1824 436 1996 497 unde
2051 436 2176 496 Au·
2233 434 2519 512 ‚fortasse
2563 436 2943 499 contrarium
2973 437 3364 516 probabiliter
3385 440 3570 509 defendi
3589 472 3664 531 ρος.

2256 536 2371 603 set,
2389 536 2599 593 tamen
2631 550 2771 593 cum
2793 532 3130 612 propositio
3159 531 3234 591 sit
3252 530 3574 613 ambigua,et
3591 564 3666 625 pus.

2259 623 2338 683 sit
2372 622 2578 687 facore
2609 644 2940 687 erroneum
2971 642 3247 698 sensum,
3299 626 3583 706 simpliciter
3613 644 3667 703 ad.

2261 717 2567 779 mittenda
2583 738 2710 780 non
2727 724 2839 794 est;
2860 720 3100 781 dicatur
3115 736 3264 799 ergo
3281 720 3513 783 Christus
3531 726 3668 798 hahere
3757 751 3759 767 ÷

2261 810 2434 871 aliud
2466 819 2530 873 et
2558 812 2748 885 aliud,
2784 820 2846 875 et
2873 830 3006 874 esse
3037 812 3238 874 Deum
3271 818 3331 875 et
3352 814 3599 883 hominem
3615 845 3670 887 se.

2261 904 2536 966 cundum
2565 906 2732 968 aliud
2760 914 2824 967 et
2852 906 3045 975 aliud,
3065 913 3128 968 et
3150 910 3426 987 componi
3443 928 3504 971 ex
3521 914 3672 995 bisquae
3756 968 3759 987 2

2259 1004 2403 1060 sunt
2429 998 2598 1061 aliud
2633 1006 2692 1062 et
2714 1001 2924 1075 aliud3
2959 1018 3087 1063 non
3119 1018 3263 1061 vero
3290 1001 3674 1081 simpliciteroese

2257 1092 2430 1153 aliud
2455 1099 2518 1155 et
2557 1093 2750 1156 aliud.
2799 1096 2870 1155 In
2915 1094 3226 1156 solutione
3276 1094 3354 1157 ad
3399 1100 3454 1170 3,
3477 1098 3606 1165 docet
3635 1108 3672 1167 D.

2255 1186 2525 1247 Thomas
2591 1186 2752 1248 hanc
2801 1188 3291 1269 propositionem
3344 1208 3464 1252 esse
3501 1194 3674 1259 falsam:

2260 1278 2544 1344 Christus
2572 1286 2660 1345 ost
2690 1285 2928 1345 tantum
2961 1283 3151 1356 homo,
3193 1282 3335 1363 quia
3359 1282 3454 1343 illa
3477 1284 3612 1348 dictio
3624 1311 3678 1353 ex·
3760 1332 3761 1335 ,

2256 1374 2490 1434 clusiva
2517 1376 2718 1453 posita
2759 1376 2828 1436 in
2867 1376 3199 1455 praedicato
3231 1376 3392 1437 cadit
3436 1396 3579 1459 supra
3612 1384 3680 1447 lor.

2252 1468 2416 1529 male
2444 1470 2599 1548 ejus,
2632 1470 2802 1530 unde
2835 1470 3105 1533 excludit
3131 1470 3318 1532 aliam
3343 1478 3680 1549 naturam,n0n
3762 1540 3763 1551 ,

2253 1560 2422 1623 aliud
2466 1564 2881 1642 suppositum,
2935 1564 3103 1625 unde
3152 1565 3374 1625 eadem
3405 1568 3682 1635 rationehae

2253 1657 2440 1718 etiam
2469 1665 2561 1719 est
2591 1658 2750 1721 falsa
2785 1678 2800 1719 τ
2838 1660 3131 1724 Christus
3158 1665 3249 1722 est
3273 1666 3494 1723 tantum
3513 1664 3684 1733 Dara
3762 1656 3763 1661 ’

2251 1757 2516 1827 constat,
2572 1752 2720 1831 quia
2757 1759 2854 1813 est
2909 1758 3290 1831 utrumque;
3330 1772 3469 1833 ergo
3509 1772 3604 1817 non
3635 1765 3686 1821 etl
3762 1802 3763 1809 κ

2248 1848 2494 1904 tantum
2526 1844 2792 1906 alterum
2819 1844 3090 1907 illorum.

2330 1939 2388 1999 8.
2439 1937 2722 2018 objectio.
2749 1972 2832 1985 —
2861 1940 3215 2021 Responde.
3237 1972 3314 1987 ·-
3343 1940 3502 2013 Quod
3529 1943 3568 2002 si
3602 1944 3688 2025 obii·

2249 2030 2451 2091 ciatur
2481 2032 2625 2111 quia
2651 2031 2758 2091 illa
2777 2031 2960 2093 dictio
2989 2034 3302 2095 exclusiva
3333 2034 3415 2093 ita
3436 2036 3690 2099 resolvendi
3764 2032 3765 2037 ’

2246 2130 2362 2199 est,
2390 2125 2536 2203 quia
2565 2122 2846 2187 Christus
2867 2133 2963 2187 est
2991 2124 3206 2197 homo,
3253 2132 3318 2187 et
3343 2144 3464 2186 non
3497 2136 3568 2189 est
3593 2128 3692 2191 aliud

2245 2236 2436 2297 quam
2458 2220 2646 2281 homo
2681 2238 2696 2292 ;
2730 2220 2836 2281 sed
2869 2227 3132 2300 utraque
3156 2227 3249 2283 est
3276 2238 3442 2297 vera,
3459 2224 3596 2299 quia,
3611 2224 3692 2300 jux-

2244 2320 2306 2375 ta
2328 2314 2514 2388 dicta,
2548 2314 2827 2374 Christus
2861 2332 2992 2374 non
3023 2320 3115 2374 est
3136 2314 3313 2376 aliud
3343 2324 3405 2374 et
3428 2314 3600 2376 aliud:
3620 2334 3692 2377 rei·

2243 2406 2479 2487 pendet
2504 2406 2574 2467 D.
2599 2406 2870 2469 Thomas
2895 2408 3066 2467 illam
3095 2408 3558 2489 propositionem
3571 2399 3715 2496 exilu-J

2244 2502 2440 2561 sivam
2465 2518 2593 2561 non
2623 2502 2706 2563 ita
2737 2520 2875 2563 esse
2900 2500 3364 2580 exponendam,
3400 2502 3498 2562 sed
3517 2504 3604 2562 hoc
3623 2522 3692 2563 me»
3765 2578 3767 2587 Ι

2242 2594 2322 2656 do
2348 2614 2361 2656 z
2395 2594 2686 2658 Christus
2707 2600 2798 2658 est
2826 2596 3017 2668 home,
3051 2600 3108 2658 et
3125 2612 3248 2657 non
3275 2596 3447 2657 habet
3466 2596 3606 2659 «iliud
3629 2616 3694 2659 em

2243 2706 2426 2770 quam
2478 2689 2740 2751 hominis
2763 2734 2783 2763 ,
2840 2695 2900 2751 et
2954 2689 3091 2749 haec
3129 2690 3435 2768 posterior
3476 2689 3600 2749 falsa
3627 2698 3692 2753 est.
3767 2681 3769 2705 '

2243 2784 2441 2856 Quam
2491 2782 2840 2844 doctrinam
2897 2782 3237 2844 admittunt
3277 2782 3508 2857 ScotuS,
3549 2792 3594 2842 et
3623 2784 3694 2845 fere
3767 2796 3769 2869 ζ

2243 2874 2687 2955 aliiTheologi‚
2718 2876 2787 2936 in
2817 2878 2877 2950 3,
2908 2874 3046 2937 dist.
3077 2880 3140 2949 6,
3177 2882 3240 2938 et
3266 2882 3361 2937 est
3385 2882 3698 2937 consentanea
3767 2948 3769 2961 Ι

2242 2969 2633 3043 Damas.‚lib.
2661 2970 2698 3030 3
2724 2969 2802 3030 de
2833 2964 2967 3030 Fid.
2975 2968 3440 3047 ,c.'7,quiaddit
3459 2970 3698 3030 hanclocu·
3761 2977 3763 2979 ’

2239 3063 2475 3125 tionem
2507 3080 2688 3142 posse
2715 3062 2954 3123 admitti
2982 3079 2998 3123 :
3033 3062 3223 3125 Totus
3257 3063 3528 3126 Christus
3551 3070 3618 3125 est
3645 3064 3698 3123 lo-
3769 3067 3771 3131 ζ

2240 3175 2358 3232 mo,
2382 3162 2437 3218 ec
2465 3162 2628 3221 totus
2661 3156 2948 3219 Christus
2969 3161 3062 3219 est
3091 3157 3285 3227 Deus,
3325 3163 3382 3219 ec
3409 3156 3703 3219 Christum
3769 3210 3771 3215 .

2242 3254 2404 3313 tolus
2442 3250 2636 3321 home,
2660 3256 2716 3312 et
2747 3248 3028 3313 Christus
3053 3254 3142 3311 est
3171 3256 3341 3312 totus
3369 3250 3540 3312 Deus.
3561 3250 3616 3309 Et
3629 3248 3706 3327 qni·

2241 3342 2476 3403 demin
2521 3340 2618 3403 his
2675 3340 3123 3420 posterioribus
3173 3341 3594 3417 locutionibus,
3618 3356 3701 3400 cum

2239 3434 2566 3515 particula,
2603 3438 2790 3508 totu-3,
2825 3440 2917 3494 est
2945 3452 3092 3512 pars
3121 3434 3466 3514 praedicati,
3505 3432 3636 3493 nulla
3655 3438 3706 3491 est

2239 3528 2593 3603 difficultas,
2629 3528 2801 3606 quia,
2833 3533 2902 3589 ut
2921 3526 3086 3588 bene
3117 3528 3538 3589 Damascenus
3561 3526 3706 3605 inquit.

2239 3620 2306 3683 in
2336 3622 2426 3683 eis
2456 3622 2658 3682 solum
2691 3622 3095 3701 significatur,
3126 3622 3447 3683 Christum
3487 3638 3600 3685 esse
3621 3638 3706 3699 per·

2237 3716 2467 3777 fectum
2496 3716 2713 3787 Deum,
2747 3720 2807 3776 et
2845 3714 3192 3795 perfectum
3225 3716 3557 3789 hominem,
3583 3720 3627 3774 et
3647 3714 3706 3771 ha·

2237 3810 2380 3872 bere
2407 3809 2470 3869 in
2498 3824 2564 3870 se
2585 3814 2782 3869 totam
2809 3809 2920 3870 Dei
2951 3812 3269 3881 naturam,
3297 3816 3362 3870 et
3385 3813 3559 3871 totam
3585 3804 3706 3866 homi·

2241 3904 2338 3964 nis
2363 3910 2652 3965 naturam
2677 3924 2694 3978 3
2724 3908 2787 3963 at
2813 3918 2963 3964 vero
2999 3902 3065 3963 iu
3094 3901 3414 3981 prioribus
3463 3898 3706 3962 locutioni-

2237 3996 2358 4058 bus
2385 3996 2491 4057 uhi
2541 3996 2847 4077 particula
2875 4001 3060 4070 totus,
3094 4000 3190 4057 est
3229 4012 3378 4075 pars
3411 3992 3646 4073 subjecti.
3675 3996 3708 4049 et

2235 4090 2640 4172 conjungitur
2666 4108 2810 4152 cum
2839 4090 3103 4165 Christo,
3147 4090 3433 4151 cavenda
3459 4096 3543 4150 est
3575 4084 3708 4148 ambi·

2233 4186 2472 4266 guitas3
2506 4182 2841 4265 significari
2865 4184 3034 4245 enim
3061 4184 3334 4264 perillas
3349 4190 3560 4265 potest,
3581 4188 3704 4241 totam

2233 4296 2572 4359 personam
2613 4276 2838 4341 Christi
2867 4296 3006 4340 esse
3041 4278 3265 4354 Deum,
3317 4286 3384 4341 et
3415 4284 3587 4339 totam
3621 4287 3706 4334 esse

2229 4370 2578 4444 hominem,
2611 4378 2674 4433 et
2701 4371 2787 4432 ita
2815 4378 2961 4434 sunt
2977 4390 3165 4448 verae,
3219 4380 3290 4435 ut
3313 4378 3480 4433 recte
3503 4372 3704 4431 Damasc.

2234 4466 2564 4546 explicavit
2582 4482 2603 4544 3
2637 4464 2976 4545 significari
3005 4466 3194 4528 etiam
3229 4470 3438 4546 potest
3481 4464 3733 4540 Christum·

2235 4560 2527 4633 totaliter,
2571 4566 2640 4621 ut
2669 4558 2755 4621 ita
2780 4560 3009 4629 dicam,
3063 4560 3360 4623 constitui
3403 4554 3706 4619 humanitate

2227 4654 2328 4715 *vel
2358 4652 2700 4727 divinitate,
2720 4660 2908 4733 atque
2938 4652 3096 4715 adeo
3125 4652 3222 4713 vel
3249 4652 3610 4713 divinitatem
3646 4662 3706 4707 so-

2229 4748 2390 4820 lam,
2439 4746 2542 4809 vel
2587 4746 3042 4807 humanitatem
3085 4762 3222 4807 esse
3267 4752 3464 4807 totam
3517 4743 3706 4803 formam

2229 4858 2356 4920 qua
2381 4840 2658 4902 Christus
2684 4841 3106 4923 constituitur²
3134 4844 3196 4901 et
3223 4839 3324 4901 hic
3347 4854 3556 4900 sensus
3599 4834 3737 4914 esset·

2225 4934 2442 5010 falsus,
2477 4940 2538 4995 et
2579 4932 2726 4994 ideo
2753 4952 2880 4994 non
2921 4933 3168 4995 videtur
3212 4949 3350 4994 esse
3396 4926 3706 5009 loquendam

2225 5030 2360 5089 sine
2403 5028 2728 5089 sufficienti
2781 5027 3192 5106 expositione.
3254 5025 3355 5089 Sic
3413 5026 3564 5085 enim
3606 5016 3702 5079 dixit

2227 5214 2343 5287 Qui
2363 5214 2417 5276 J
2418 5231 2582 5276 esum
2621 5211 2934 5275 Christum
2951 5214 3097 5295 plus
3129 5230 3304 5293 quam
3331 5212 3598 5273 hominem
3627 5218 3702 5265 m

572 5314 839 5391 terqua}
872 5306 1133 5369 includit
1164 5315 1495 5388 utramque
1520 5308 2028 5385 distinctionem,
2073 5309 2139 5370 in
2217 5313 2531 5383 noverunt,
2581 5307 2800 5369 Jesum
2845 5306 3158 5369 Christum
3187 5307 3390 5387 utique
3434 5318 3546 5364 non
3589 5312 3700 5359 note·

575 5420 702 5487 quo
719 5400 927 5467 differt
951 5400 1033 5465 ab
1063 5400 1167 5465 illo
1186 5401 1468 5479 relativo,
1494 5402 1781 5479 aiterum,
1807 5401 1980 5481 quod
2001 5408 2139 5464 tan-

574 5500 711 5560 tum
725 5496 869 5559 dicit
883 5492 1312 5560 diversitatem
1327 5492 1675 5558 secundum
1706 5492 1878 5575 quid.
1904 5494 1981 5558 Et
1993 5494 2140 5559 lieet

2219 5406 2366 5465 runt
2391 5426 2416 5474 ;
2447 5403 2506 5463 si
2533 5400 2688 5463 enim
2738 5398 3148 5464 tantummodo
3199 5400 3368 5461 homo
3395 5400 3499 5466 est,
3524 5398 3570 5455 ot
3591 5384 3701 5452 nillil

2220 5494 2505 5577 emim,
2535 5500 2653 5557 non
2678 5496 2768 5557 m
2795 5493 2927 5577 ipre
2941 5492 3126 5558 Jeme
3157 5490 3452 5555 Oli-ism.
