3892 6167
582 327 703 390 ue

585 443 839 508 semper
864 425 985 490 fuit
1004 442 1243 502 verum,
1267 429 1333 488 et
1358 423 1699 504 aliquando
1746 423 1982 502 incepit
2007 441 2149 486 esse

582 539 803 584 verum
822 539 840 593 ς
870 521 1000 581 imo
1020 518 1165 581 ideo
1183 515 1505 580 indefinite
1530 516 1723 597 coepit
1746 517 1867 578 hoc
1884 533 2034 578 vere
2061 515 2151 576 di·

584 616 645 678 ci
694 615 777 678 de
816 613 1099 689 homine,
1136 613 1285 694 quia
1311 611 1503 692 coepit
1556 629 1702 672 vere
1742 609 1867 672 dici
1896 608 1978 674 de
2027 609 2148 672 hoc

584 708 867 770 homine.

664 801 729 864 3.
773 801 1021 864 Tertius
1062 818 1286 864 sensus
1335 809 1403 862 et
1470 795 1939 879 propriissimus
1983 795 2148 858 illius

583 894 1026 976 propositionis
1056 900 1172 972 est,
1210 911 1403 974 quem
1438 893 1573 974 ipsa
1606 910 1733 972 pras
1762 907 1832 953 se
1858 889 2002 966 fert,
2032 887 2148 950 sci-

583 987 754 1064 licet,
788 988 1061 1068 aliquem
1088 988 1409 1050 hominem
1439 985 1843 1067 acquisivisse
1864 983 2147 1045 divinum

586 1101 746 1160 esse,
779 1101 895 1144 seu
930 1080 1207 1144 divinam
1245 1087 1564 1156 naturam,
1614 1097 1729 1160 per
1758 1079 2034 1158 aliquam
2067 1075 2155 1139 ef-

582 1175 954 1248 fectionem;
984 1176 1103 1237 hoc
1128 1175 1300 1238 enim
1324 1180 1421 1236 est
1448 1173 1619 1253 quod
1638 1175 1712 1234 D.
1744 1173 2018 1234 Thomas
2039 1169 2150 1246 ait,

581 1269 1009 1351 participium,
1040 1269 1275 1346 factus,
1320 1267 1389 1330 in
1429 1266 1553 1330 hoc
1596 1283 1789 1328 sensu
1830 1263 2150 1345 applicare

584 1363 983 1426 effectionem
1014 1361 1255 1424 homini
1286 1368 1591 1441 tanquam
1633 1357 1913 1438 subjecto
1962 1358 2154 1418 actio·

582 1456 705 1534 nis,
734 1457 1050 1536 respicere
1074 1473 1229 1517 vero
1250 1455 1452 1516 Deum
1479 1460 1780 1534 tanquam
1812 1451 2152 1514 terminum

582 1549 773 1612 illius.
800 1551 877 1611 Et
902 1549 1021 1612 hoc
1044 1565 1263 1624 sensu,
1286 1555 1480 1628 atque
1504 1545 1665 1608 adeo
1694 1545 2060 1626 simpliciter
2087 1550 2152 1606 et

582 1643 837 1726 proprie
872 1640 1223 1724 loquendo,
1254 1640 1343 1702 ait
1365 1641 1436 1702 D.
1468 1640 1741 1702 Thomas
1778 1627 2152 1722 propositio-

580 1755 731 1800 nem
780 1735 955 1798 illam
1004 1734 1231 1798 falsam
1266 1752 1407 1798 esse
1434 1752 1453 1806 ς
1500 1750 1641 1814 quse
1690 1737 1789 1796 est
1838 1731 2150 1796 sententia

580 1829 937 1896 communis
962 1829 1449 1910 Theologorum,
1480 1828 1546 1890 in
1574 1830 1639 1902 3,
1670 1827 1813 1890 dist.
1842 1829 1913 1900 '¹13
1944 1827 2149 1888 Bona·-

582 1931 781 2000 vent„
816 1923 1139 2000 Richard„
1168 1922 1475 1999 Durand.,
1507 1921 1755 1997 Palud„
1788 1925 1855 1984 et
1881 1919 2144 1992 Marsil.,

580 2035 647 2100 q.
669 2020 733 2093 6,
764 2023 883 2079 art.
915 2017 981 2093 3,
1014 2015 1165 2078 duh.
1198 2017 1263 2094 8,
1278 2023 1343 2077 et
1370 2017 1505 2097 ejus
1518 2014 1966 2096 propositionis
1985 2012 2149 2074 falsi-

583 2119 681 2176 tas
706 2111 841 2174 fere
894 2128 974 2174 ex
1022 2110 1162 2190 ipsa
1216 2109 1631 2188 explicatione
1680 2109 1831 2172 satis
1876 2110 2145 2182 constat,

582 2224 773 2292 quam
802 2206 879 2266 D.
910 2205 1183 2266 Thomas
1211 2204 1297 2265 ita
1326 2203 1651 2280 declarat3
1682 2203 1831 2282 quia
1858 2202 2050 2274 mv,
2082 2202 2148 2264 in

582 2301 687 2364 illa
733 2299 1161 2382 propositione
1217 2298 1515 2380 supponit
1562 2295 2020 2378 personantem
2067 2295 2148 2359 de

582 2394 759 2458 nulla
788 2399 1000 2456 autem
1030 2409 1300 2472 persona
1331 2391 1708 2452 subsistente
1748 2390 1815 2452 in
1864 2389 2152 2450 humani-

584 2493 715 2550 tate
742 2504 891 2548 vere
914 2484 1037 2546 dici
1062 2491 1271 2566 potest
1288 2483 1513 2546 factam
1528 2501 1662 2546 esse
1676 2485 1878 2544 Deum
1901 2499 2146 2555 verum,

584 2582 665 2644 de
688 2598 815 2660 quo
840 2579 1201 2660 loquimur;
1256 2577 1533 2640 maxime
1562 2577 1733 2640 enim
1761 2575 1841 2638 de
1880 2592 2151 2655 persona

586 2675 807 2738 Christi
838 2697 861 2750 ;
891 2673 999 2734 illa
1040 2678 1257 2734 autem
1290 2689 1419 2734 non
1451 2678 1547 2733 est
1584 2670 1747 2732 iacta
1794 2671 1984 2744 Deus,
2037 2669 2150 2732 sed

583 2787 701 2850 per
728 2785 797 2831 se
826 2773 891 2829 et
918 2765 1337 2829 essentialiter
1364 2771 1461 2828 est
1483 2765 1671 2826 Deus.
1703 2762 1882 2826 Unde
1906 2763 1962 2824 si
1989 2762 2152 2824 dice·

582 2865 790 2926 retur:
820 2863 1023 2926 Homo
1048 2862 1287 2945 amaus
1315 2868 1405 2924 eu
1422 2859 1608 2935 Deus,
1631 2875 1783 2920 vere
1810 2857 2148 2930 diceretur,

586 2957 735 3038 quia
766 2955 869 3018 hic
897 2955 1087 3016 homo
1120 2972 1235 3036 per
1264 2952 1739 3032 generationem
1756 2950 1950 3014 habet
1975 2957 2050 3012 ut
2073 2949 2152 3012 sit

582 3053 773 3124 Deus,
826 3066 959 3110 non
1003 3065 1117 3128 per
1144 3046 1563 3108 effectionem.
1596 3044 1777 3110 Unde
1818 3044 2151 3107 confirma-

586 3151 690 3210 tur
715 3141 945 3224 primo,
971 3159 1125 3202 nam
1169 3157 1286 3220 per
1330 3138 1503 3202 illam
1533 3137 2030 3220 propositionem
2069 3137 2152 3198 si·

582 3235 926 3318 gnificatur
954 3233 1183 3308 Deum,
1214 3237 1285 3294 ut
1336 3233 1451 3310 sic,
1488 3249 1631 3294 esse
1684 3231 2028 3296 terminum
2058 3230 2152 3294 ef-

586 3329 900 3406 fectionis,
930 3327 1014 3390 ad
1034 3343 1225 3407 quem
1254 3327 1391 3405 ipsa
1416 3322 1812 3399 terminatur,
1854 3323 2026 3403 quod
2053 3341 2154 3386 re-

586 3427 830 3506 pugnat
842 3419 1084 3484 deitati.
1116 3417 1536 3482 confirmatur
1564 3417 2030 3496 secundo,quia
2039 3435 2154 3498 per

586 3517 759 3580 illam
790 3515 1283 3598 propositionem
1320 3511 1729 3592 significatur,
1758 3511 1929 3574 hunc
1955 3511 2156 3572 homi·

588 3629 739 3674 nem
768 3607 1038 3691 supponi
1090 3609 1183 3670 illi
1208 3607 1465 3681 actioni,
1494 3623 1612 3686 per
1638 3624 1831 3686 quam
1866 3605 2010 3668 talis
2041 3605 2155 3667 ho-

587 3722 694 3768 mo
728 3703 801 3768 fit
842 3705 1009 3766 Deus
1020 3745 1043 3777 ,
1100 3701 1277 3780 quod
1328 3699 1521 3764 etiam
1560 3705 1878 3780 repugnat
1906 3698 2155 3760 veritati

588 3797 781 3879 hujus
808 3795 1113 3876 mysterii.
1142 3792 1541 3856 Antecedens
1571 3799 1744 3872 patet
1770 3810 1851 3854 ex
1874 3809 2154 3854 commu-

589 3889 865 3952 nimodo
896 3885 1295 3968 significandi
1324 3886 1491 3948 illius
1538 3885 1877 3965 participii,
1902 3889 2107 3963 factus
2127 3911 2156 3958 ,-

590 3981 887 4066 supponit
920 3981 1090 4044 enim
1144 3977 1569 4060 suppositum,
1626 3977 1729 4040 cui
1780 3976 2149 4058 applicatur,

592 4076 763 4139 unde
797 4081 971 4138 recte
1008 4073 1299 4146 dicimus,
1326 4071 1581 4136 Petrum
1606 4071 1841 4134 factum
1866 4087 2006 4132 esse
2048 4088 2156 4132 ca-

588 4171 813 4244 lidum,
836 4187 969 4235 non
989 4185 1143 4232 vero
1154 4167 1429 4230 calidum
1452 4166 1687 4230 factum
1704 4183 1843 4228 esse
1872 4167 2146 4228 Petrum.

592 4263 1012 4328 confirmatur
1038 4259 1242 4334 tertio,
1268 4259 1418 4338 quia
1458 4259 1614 4322 alias
1638 4259 1922 4340 sequitur
1949 4256 2156 4322 Chris-

595 4365 733 4421 tum
758 4355 993 4420 factum
1020 4371 1157 4416 esse
1186 4353 1427 4431 Deum3
1454 4353 1629 4433 quia,
1672 4358 1745 4415 ut
1772 4369 1964 4432 supra
1992 4351 2154 4416 dice-

594 4451 771 4526 bam,
800 4447 854 4512 si
882 4447 1003 4510 hoc
1030 4465 1180 4510 vere
1223 4445 1343 4510 dici
1389 4451 1599 4527 potest
1627 4444 1708 4508 de
1748 4443 2030 4520 homine,
2060 4450 2156 4508 est

592 4544 836 4609 ratione
881 4542 1073 4622 hujus
1123 4539 1438 4614 hominis;
1496 4555 1888 4618 consequens
1938 4543 2152 4600 autem

592 4637 824 4702 falsum
856 4645 975 4713 est,
1008 4634 1165 4697 alias
1195 4635 1383 4696 etiam
1416 4631 1679 4694 ulterius
1710 4632 2016 4713 sequitur,
2049 4651 2154 4696 ex·

592 4732 887 4816 positoris
916 4727 1377 4800 concludendo,
1408 4725 1689 4788 Verbum
1728 4725 1967 4789 factum
2011 4745 2152 4790 esse

590 4827 819 4888 Deum.
848 4821 1133 4886 Tandem
1160 4819 1589 4895 confirmatur,
1620 4820 1769 4901 quia
1795 4819 1901 4882 illa
1923 4837 2154 4901 propo·

592 4919 737 4984 sitio
766 4935 975 5000 neque
1004 4923 1102 4980 est
1127 4933 1276 4978 vera
1304 4914 1549 4976 ratione
1575 4913 1869 4976 humanm
1888 4922 2152 4990 naturai,

592 5013 743 5094 quia
764 5028 976 5091 neque
1000 5009 1105 5072 illa
1130 5016 1227 5072 est
1247 5009 1462 5084 homo,
1495 5023 1704 5084 neque
1726 5006 1801 5068 fit
1834 5007 2026 5084 Deus,
2047 5023 2156 5070 ne·

592 5123 721 5190 que
744 5104 985 5167 ratione
1012 5101 1175 5166 illius
1191 5101 1381 5166 homo
1398 5103 1490 5162 est
1518 5099 1684 5162 Deus
1697 5115 1719 5177 3
1746 5117 1951 5178 neque
1967 5099 2153 5162 etiam

591 5205 801 5283 potest
828 5215 967 5262 esse
986 5215 1135 5260 vera
1162 5195 1407 5258 ratione
1436 5191 1762 5273 suppositi,
1794 5211 1911 5256 seu
1943 5210 2158 5273 perso-

590 5311 715 5372 11ae,
748 5293 899 5376 quia
927 5293 1035 5356 illa
1060 5309 1187 5356 non
1208 5290 1279 5353 fit
1304 5291 1515 5360 Deus;
1548 5303 1759 5368 neque
1804 5289 1998 5351 etiam
2045 5305 2154 5350 ra-

590 5388 764 5456 tione
793 5385 987 5472 hujus
1012 5385 1309 5458 bominis.
1340 5379 1765 5450 abstrahendo
1802 5398 1846 5448 a
1870 5379 2154 5463 supposi-

590 5489 681 5560 to,
708 5481 881 5569 qnia,
911 5495 1059 5550 cam
1088 5477 1337 5548 effectio
1356 5478 1436 5544 sit
1458 5475 1626 5547 actio
1647 5473 1860 5552 realis,
1869 5476 2158 5543 versatur

1793 325 2028 392 QUAEST.
2063 327 2194 384 xvi.
2227 327 2428 384 Anno,
2467 329 2570 384 vu.

2229 425 2394 486 circa
2417 424 2734 505 singulare
2759 427 2824 486 et
2843 422 3342 488 determinatum
3381 427 3732 503 suppositum,

2228 525 2292 580 et
2313 518 2457 582 ideo
2487 537 2614 580 non
2631 524 2842 598 potest
2869 517 3172 596 applicari
3191 516 3348 578 huic
3379 515 3618 592 homini,
3637 521 3736 582 abs-

2229 611 2537 674 trahendo
2565 629 2604 672 a
2631 611 2956 691 supposito
2989 629 3006 686 ;
3039 611 3100 671 in
3125 627 3258 687 quo
3289 609 3500 672 differt
3521 609 3626 672 hoe
3638 631 3736 690 par-

2228 704 2530 785 ticipium,
2563 709 2794 782 saccus,
2825 723 2860 764 a
2895 703 3252 784 participio,
3305 704 3734 784 predestinatus,

2227 799 2308 860 de
2353 815 2482 878 quo
2519 799 2768 862 dicetur
2789 797 2974 874 infra,
3007 815 3068 876 q.
3117 799 3220 860 24.
3274 796 3489 860 Potest
3527 797 3736 877 denique

2225 891 2359 954 haec
2373 892 2688 956 sententia
2697 891 3061 954 confirmari
3077 907 3158 952 ex
3169 890 3276 961 his
3285 907 3436 969 qoae
3445 908 3618 970 supra
3625 892 3737 954 dixi-

2225 1004 2369 1051 mus
2395 985 2556 1067 disp.
2579 985 2876 1065 praeced„
2893 991 3046 1048 sect.
3067 985 3126 1058 3,
3152 982 3490 1046 hominem
3510 1003 3736 1063 nonpos-

2233 1097 2302 1142 se
2331 1079 2454 1142 dici
2484 1078 2869 1152 deificatum,
2904 1077 3018 1140 sed
3041 1094 3269 1140 verum
3301 1077 3528 1148 Deum,
3555 1079 3737 1140 ratione

2233 1172 2419 1253 hujus
2441 1171 2750 1253 mysterii,
2787 1171 2896 1234 ubi
2925 1175 2991 1236 et
3019 1173 3234 1234 Patres
3265 1187 3388 1250 pro
3414 1170 3531 1233 hac
3551 1177 3736 1234 senteu-

2232 1267 2320 1329 tia
2343 1266 2696 1339 citavimus,
2737 1272 2801 1328 et
2828 1265 3232 1345 exposuimus
3259 1263 3536 1344 aliquos,
3562 1263 3652 1342 qui
3677 1264 3737 1324 in·

2233 1360 2480 1424 tardum
2501 1359 2792 1423 videntur
2813 1359 2994 1422 aliter
3039 1359 3257 1422 locuti.
3291 1357 3404 1420 Sic
3445 1357 3618 1420 etiam
3637 1357 3735 1418 Ful·

2231 1461 2434 1534 gent„
2461 1454 2572 1517 lib.
2596 1454 2678 1516 de
2707 1455 2952 1516 Incarn.
2983 1459 3048 1515 et
3075 1457 3270 1532 grat„
3307 1469 3368 1514 o.
3405 1453 3505 1526 to,
3551 1451 3733 1529 inquit:

2229 1551 2382 1616 Νοιι
2413 1551 2554 1628 ipsa
2580 1567 2743 1624 caro,
2773 1548 2842 1610 id
2880 1555 2998 1622 est,
3035 1548 3176 1627 ipse
3206 1547 3436 1618 homo,
3461 1546 3526 1606 is
3562 1563 3616 1608 re
3645 1549 3735 1622 for-

2227 1661 2392 1708 m
2405 1642 2756 1706 divinitatis
2783 1643 3032 1721 aceepit,
3062 1641 3170 1705 sed
3195 1641 3374 1704 Deus
3399 1639 3636 1713 somam
3653 1657 3736 1700 cor-

2229 1739 2295 1800 vi
2313 1761 2340 1810 ,·
2369 1743 2432 1798 et
2457 1737 2674 1798 Petrus
2699 1737 2990 1812 Diacou.,
3019 1733 3132 1800 lib.
3163 1733 3249 1796 de
3273 1735 3606 1807 lucaman,
3631 1749 3674 1793 c.
3693 1734 3732 1792 5:

2227 1831 2425 1894 Deum
2475 1829 2731 1894 Mnus
2784 1833 3016 1907 factm
3073 1845 3203 1892 esso
3269 1825 3618 1898 Christum,
3655 1841 3734 1885 m

2231 1923 2546 1988 Christum
2567 1925 2804 2000 sactum
2823 1939 2949 1986 esse
2975 1923 3192 1986 Dm.
3221 1919 3410 1982 Idem
3439 1918 3636 1988 Nicet..
3657 1916 3728 1977 lib.

2227 2021 2268 2082 3
2295 2019 2510 2094 Thes„
2539 2037 2597 2084 c.
2629 2021 2750 2092 323
2787 2024 2852 2082 et
2873 2019 3041 2080 Elias
3067 2015 3582 2092 Cretensis,orat.
3605 2015 3631 2073 l
3657 2013 3731 2072 Na·

2226 2113 2534 2186 sianzeni,
2569 2111 2792 2192 §Haec
2813 2113 3128 2194 assumpta
3166 2125 3318 2174 caro
3349 2111 3462 2182 est,
3487 2111 3595 2170 etc.

2307 2212 2370 2270 4.
2407 2207 2668 2287 objectio
2691 2208 2920 2287 primm
2945 2237 3028 2251 —-
3053 2202 3415 2284 Reeponoio.
3441 2233 3518 2250 --
3535 2199 3730 2278 object-³0

2229 2302 2604 2368 secunda.-
2620 2300 2852 2362 Contra
2880 2300 3044 2362 hanc
3069 2315 3222 2362 vero
3249 2294 3613 2360 senteutiam
3631 2309 3728 2352 sen·

2231 2393 2307 2457 tit
2327 2393 2572 2468 Scotus,
2597 2394 2663 2456 in
2685 2395 2829 2456 dist.
2857 2395 2921 2469 Ἰ,
2937 2411 3002 2471 q.
3021 2395 3082 2454 2.
3101 2391 3302 2471 Cujus
3317 2387 3725 2452 fundamentum

2231 2487 2435 2549 solum
2461 2493 2578 2563 est,
2605 2487 2754 2567 quia
2775 2505 2893 2567 per
2915 2487 3192 2566 aliquam
3227 2484 3540 2546 actionem
3559 2480 3724 2540 factam

2232 2586 2351 2653 est,
2375 2586 2447 2643 ut
2473 2581 2665 2642 homo
2687 2582 2768 2642 sit
2792 2582 3002 2655 Deus;
3028 2578 3142 2642 sed
3169 2579 3294 2642 hoc
3327 2567 3724 2648 solumsignifi·

2231 2680 2410 2736 catur
2449 2693 2564 2755 per
2597 2675 2770 2737 illam
2805 2674 3296 2756 propositionem
3321 2687 3345 2750 3
3385 2687 3554 2748 ergo,
3581 2663 3721 2728 Facile

2229 2773 2446 2830 tamen
2487 2768 2905 2848 respondetur
2943 2767 3240 2850 negando
3269 2766 3588 2834 minorem,
3623 2757 3718 2836 quia

2233 2865 2426 2926 etiam
2464 2864 2878 2944 significatur,
2921 2863 3098 2925 illam
3138 2862 3460 2926 actionem
3495 2854 3720 2918 termina-

2232 2965 2362 3020 tam
2403 2975 2548 3020 esse
2581 2957 2664 3019 ad
2709 2956 3124 3029 divinitatem,
3155 2962 3218 3018 et
3243 2949 3628 3034 supposuisse
3646 2946 3718 3002 ho-

2231 3051 2508 3125 minem;
2543 3057 2607 3114 et
2634 3056 2972 3130 utrumque
3007 3048 3240 3112 falsum
3265 3053 3390 3110 est.
3427 3041 3547 3106 Sed
3569 3035 3721 3115 objici·

2233 3149 2356 3217 tur,
2389 3143 2536 3224 quia
2567 3162 2683 3224 per
2707 3143 3186 3208 conversionem
3229 3139 3568 3220 simplicem
3605 3131 3716 3190 recte

2231 3237 2484 3300 videtur
2511 3238 2736 3317 sequi:
2761 3239 2928 3302 Deua
2955 3239 3165 3315 factus
3189 3241 3284 3300 m
3307 3235 3505 3301 homen-
3527 3241 3640 3306 θ’θ’)
3655 3221 3718 3282 ²⁰⁴

2230 3348 2322 3392 mo
2369 3333 2578 3409 factus
2631 3337 2722 3396 est
2763 3331 2928 3394 Deus
2953 3355 2978 3403 ‚·
3009 3327 3181 3409 quod
3229 3326 3642 3406 argumentum
3667 3328 3715 3372 eo

2231 3426 2436 3506 magis
2463 3430 2672 3505 urget,
2693 3424 2866 3504 quod
2893 3422 3093 3494 sancti
3119 3422 3338 3484 Patres
3369 3411 3646 3480 interdum
3665 3407 3718 3463 i&

2232 3517 2614 3598 loquantum
2639 3503 2939 3598 August„
2979 3515 3090 3578 lib.
3127 3519 3156 3578 1
3189 3515 3274 3578 dc
3311 3509 3547 3580 Txinit„
3571 3499 3711 3564 c.132

2241 3611 2442 3684 Talis,
2476 3612 2702 3690 inquit,
2733 3611 3008 3674 cracina
3034 3609 3360 3690 susceptio,
3379 3609 3448 3668 id
3473 3602 3634 3664 Deum
3653 3591 3715 3652 Μ·

2233 3705 2454 3767 minem
2477 3709 2727 3785 faceret,
2767 3709 2825 3767 et
2869 3705 3163 3768 nonium
3202 3701 3398 3766 Deum
3421 3719 3447 3768 ;
3467 3699 3524 3754 θῐ
3544 3688 3656 3750 id0⁰
3675 3697 3710 3739 ¹¹¹

2235 3796 2578 3873 Euchirid.,
2603 3814 2744 3877 cap.
2777 3799 2863 3860 40
2885 3803 2950 3858 et
2969 3799 3076 3872 4¹,
3113 3801 3174 3857 et
3218 3793 3304 3856 de
3329 3785 3517 3854 Praed.
3541 3779 3712 3844 sanct-2

2237 3909 2292 3954 c.
2320 3894 2420 3962 15,
2443 3889 2592 3954 dicit
2616 3890 2790 3952 hunc
2811 3889 3134 3950 hominem
3163 3887 3362 3950 fuisse
3389 3875 3710 3972 conjuncbffssl

2231 3985 2300 4048 in
2329 3986 2568 4048 unitate
2595 4001 2887 4065 personoe
2927 3983 3080 4046 Filio
3119 3982 3256 4057 Dei,
3288 3984 3620 4070 quanqnan}
3655 3959 3710 4020 ¹12¹

2232 4077 2555 4142 hominem
2599 4096 2716 4160 pro
2761 4078 3154 4140 humanitate
3199 4070 3532 4152 sumpsisse
3565 4055 3708 4120 wdffl·

2233 4177 2355 4236 tur.
2379 4171 2580 4235 Simili
2603 4178 2818 4233 tamen
2837 4169 3030 4232 modo
3052 4170 3372 4240 Damaso„
3387 4161 3491 4224 lib.
3511 4159 3562 4226 3,
3577 4169 3620 4212 θ·
3639 4147 3704 4204 ¹¹³

2244 4265 2518 4339 Verbum,
2551 4263 2777 4345 inquit,
2813 4281 2956 4330 caro
2995 4266 3232 4342 sactum
3257 4267 3370 4334 est,
3395 4261 3448 4320 et
3471 4262 3590 4316 earo
3617 4239 3706 4306 Ver·

2235 4358 2394 4436 bum,
2425 4360 2592 4423 Dm
2619 4359 2813 4433 bomo,
2833 4363 2890 4420 st
2916 4357 3086 4418 homo
3113 4355 3280 4418 Deus
3293 4379 3323 4428 ,·
3344 4351 3432 4416 sic
3455 4343 3612 4408 etiam
3631 4331 3707 4394 Νὸ·

2233 4451 2426 4527 sian„
2453 4457 2616 4514 orat.
2649 4453 2754 4522 35,
2783 4469 2849 4511 n.
2873 4451 2983 4512 86:
3009 4450 3142 4512 Hic
3169 4450 3362 4522 bomo,
3381 4427 3706 4520 mquiaBm

2235 4548 2488 4625 effectus
2505 4548 2617 4619 est,
2630 4549 2954 4626 postquam
2967 4561 3105 4606 cum
3127 4541 3254 4606 Deo
3273 4534 3513 4604 coalui&
3529 4529 3580 4587 Εἴ
3593 4517 3701 4626 9³³¹·

2233 4639 2339 4712 51,
2361 4638 2528 4700 circa
2552 4637 2954 4718 principium,
2977 4635 3148 4709 dicit,
3169 4636 3372 4696 Deum
3393 4617 3700 4690 ethommeffl
3786 4701 3788 4703 p

2235 4731 2626 4793 connexione
2649 4747 2848 4792 unum
2875 4745 3040 4804 esse,
3059 4729 3187 4789 Deo
3195 4771 3214 4802 ‚
3235 4711 3700 4812 nimirum‚l{1¹¹¹²²¹·

2233 4823 2525 4899 nitatem,
2553 4829 2620 4885 et
2668 4823 2924 4885 homine
2968 4820 3354 4884 divinitatem
3387 4796 3694 4882 susciwffl'w·

2315 4919 2378 4980 ὅ.
2409 4915 3136 4997 Rispaniam—Dubiam.
3149 4883 3695 4990 -Responsio--ss‘·

2235 5009 2587 5091 spondetur
2627 5007 2710 5070 ad
2759 5013 3228 5090 argumentum,
3267 5005 3432 5066 illam
3467 5003 3572 5054 non
3607 4981 3695 5036 ⁹⁵⁵⁰

2235 5099 2584 5182 legitimam
2625 5101 3130 5176 conversionem,
3159 5098 3308 5178 quia
3335 5090 3572 5158 mutatur
3593 5075 3689 5139 5⁰1³·

2235 5195 2484 5276 positio,
2511 5213 2626 5258 seu
2653 5197 2992 5276 appellatio
3024 5193 3446 5258 terminorum,
3471 5176 3628 5271 ¹¹²‚Pe‘
3645 5164 3688 5212 ⁵²

2236 5290 2388 5350 satis
2413 5295 2688 5369 constat3
2716 5289 2854 5354 fieri
2897 5309 3049 5368 ergo
3091 5280 3282 5346 debet
3321 5275 3590 5362 converso
3608 5251 3684 5310 1²⁰⁰

2234 5382 2466 5446 modo:
2493 5383 2663 5450 Dm
2681 5385 2894 5462 sactus
2916 5387 3009 5446 ut
3031 5379 3200 5444 hono
3215 5397 3247 5447 .·
3265 5387 3403 5452 erqo
3421 5367 3490 5438 is,
3507 5345 3684 5456 Ρξρῗ

2236 5480 2338 5540 tm
2387 5479 2478 5540 est
2519 5477 2687 5540 homo
2710 5520 2732 5551 ,
2763 5479 2854 5538 est
2899 5474 3112 5543 Deru:
3142 5469 3352 5536 Patres
3395 5467 3518 5524 veto
3553 5437 3676 5508 “²⁸⁰¹
