3892 6167
502 340 526 400 t
536 340 618 403 ⁴2

497 447 899 533 creatura,ut
949 455 1146 523 agens
1183 456 1298 521 per
1321 440 1488 501 hano
1516 436 1860 519 potentiam
1895 438 2059 501 ohe-

497 536 884 611 dientialem,
913 534 1182 599 dicenda
1211 534 1291 595 sit
1337 550 1528 611 agere
1563 536 1634 593 ut
1681 532 2062 595 instrumen-

499 635 655 705 tum,
685 646 770 692 an
801 647 954 693 vero
993 635 1066 691 ιιι
1091 626 1452 709 principalis
1494 642 1717 702 causa3
1751 632 1835 699 et,
1879 626 1930 689 si
1966 632 2060 688 est

499 725 1004 799 instrumentum,
1035 723 1367 802 cujusnam
1403 720 1482 783 sit
1519 720 2010 783 instrumentum
2040 764 2056 795 ‚

501 822 566 879 et
591 816 710 877 sub
749 832 878 896 qua
916 816 1182 879 ratione.
1221 816 1296 877 Et
1325 814 1604 895 quidem,
1630 814 2063 894 quod.attinet

499 910 585 973 ad-
611 910 894 973 actiones
931 909 1340 973 miraculosae
1381 914 1446 971 et
1471 914 1898 982 transeunteS,
1932 926 2064 970 cer·

495 1006 634 1067 tum
667 1010 764 1067 est
787 1010 1139 1068 creaturam
1161 1020 1289 1066 non
1319 1021 1454 1067 esse
1476 1002 1886 1083 principalem
1915 1020 2063 1065 cau-

501 1116 635 1161 sam
667 1116 908 1175 earum,
935 1098 1057 1161 sed
1097 1098 1302 1161 solum
1329 1098 1900 1173 instrumentalem,
1931 1102 1997 1159 ut
2026 1114 2065 1157 a

497 1193 742 1257 fortiori
787 1199 1026 1256 constat
1061 1210 1140 1255 ex
1169 1193 1264 1255 his
1293 1211 1434 1273 quae
1459 1191 1542 1255 de
1585 1192 1812 1255 Christi
1841 1193 2065 1254 huma·-

499 1288 694 1353 nitate
744 1286 911 1351 dicta
961 1293 1128 1366 sunt,
1169 1294 1320 1351 sect.
1359 1290 1423 1364 4,
1455 1292 1520 1349 et
1569 1304 1648 1349 ex
1677 1304 1752 1349 eo
1783 1284 1956 1367 quod
1984 1284 2063 1350 de

497 1382 808 1462 baptismo
827 1380 1010 1446 docet
1030 1380 1382 1445 Concilium
1405 1380 1867 1452 Tridentinum‚
1897 1398 2057 1443 sess.

501 1478 560 1552 6,
597 1494 735 1557 cap.
765 1479 828 1551 7,
851 1481 916 1539 et
939 1492 1084 1555 quoe
1105 1476 1184 1539 de
1207 1476 1346 1538 aliis
1375 1475 1808 1549 sacramentis,
1841 1476 1880 1537 3
1907 1480 2059 1537 tom.

499 1570 928 1635 tractabimus.
957 1570 1140 1634 Ratio
1171 1576 1385 1633 autem
1431 1568 1620 1650 hujus
1659 1568 1936 1631 veritatis
1965 1586 2065 1629 su·

499 1665 732 1727 menda
763 1670 859 1727 est
893 1680 971 1725 ex
988 1664 1241 1744 propria
1278 1662 1642 1727 definitione
1673 1682 1786 1725 seu
1819 1662 2063 1725 ratione

501 1772 710 1821 causae
735 1757 1232 1821 instrumentalis
1245 1772 1265 1835 ;
1295 1774 1427 1821 non
1455 1757 1628 1821 enim
1657 1774 1776 1839 per
1795 1774 1864 1820 se
1885 1774 2065 1837 spec·

501 1856 590 1913 tat
616 1851 698 1913 ad
723 1852 1030 1915 rationem
1059 1852 1481 1928 instrumenti,
1511 1857 1582 1915 ut
1617 1868 1655 1913 a
1685 1867 1878 1914 cansa
1895 1850 2067 1933 prin-

499 1944 706 2027 cipali,
733 1962 876 2025 quae
915 1964 1032 2027 per
1065 1946 1220 2009 illud
1273 1952 1593 2025 operatur,
1615 1944 1827 2026 quoad
1875 1962 2065 2008 suum

499 2055 638 2101 esse
685 2038 1006 2119 procedat.
1051 2038 1346 2111 Quamvis
1391 2039 1560 2102 enim
1587 2040 1708 2101 hcc
1734 2040 1802 2101 iu
1845 2038 2063 2101 multis

497 2131 885 2211 reperiatur,
919 2132 1270 2213 praesertim
1325 2132 1390 2193 in
1439 2132 1871 2195 instrumentis
1921 2148 2063 2213 quae

498 2231 808 2287 vocantur
819 2228 1132 2307 separata,
1149 2224 1298 2305 quia
1315 2225 1450 2289 haec
1463 2224 1654 2289 veluti
1674 2224 2065 2287 substituun-

499 2324 602 2381 tur
635 2319 718 2380 ab
765 2325 994 2400 agente
1022 2318 1380 2400 principali,
1409 2318 1682 2382 ut'vices
1735 2320 1873 2400 ejus
1918 2334 2063 2399 sup-

496 2414 795 2494 pleantin
821 2412 1068 2492 agendo
1090 2459 1109 2489 ,
1135 2418 1350 2475 tamen
1377 2412 1443 2475 in
1465 2413 1896 2476 instrumentis
1917 2430 2067 2475 con-

490 2506 727 2587 junctis
778 2524 909 2569 non
937 2513 1034 2569 est
1076 2508 1142 2569 id
1175 2524 1292 2587 per
1315 2524 1385 2570 se
1431 2506 1881 2581 necessarium,
1917 2506 2066 2586 quia

497 2602 931 2680 potestatium
982 2617 1180 2680 agens
1235 2599 1485 2681 operari
1537 2618 1654 2681 per
1687 2602 2065 2673 instrumen-

498 2698 630 2755 tum
661 2693 742 2755 ab
776 2693 900 2755 alio
933 2692 1332 2771 fabricatum,
1365 2700 1436 2756 ut
1475 2694 1782 2775 exemplis
1821 2694 2062 2755 instru-

497 2790 854 2849 mentorum
906 2786 1056 2849 artis
1097 2786 1280 2850 facile
1309 2786 1568 2867 intelligi
1595 2793 1820 2869 potest.
1861 2788 1937 2849 Et
1964 2806 2061 2848 ra·

422 2936 434 2953 ,
497 2880 584 2942 tio
609 2885 728 2954 est,
751 2880 900 2959 quia
919 2879 1000 2942 ad
1013 2880 1322 2943 rationem
1347 2898 1552 2943 causae
1570 2898 1686 2960 per
1713 2898 1780 2943 se
1815 2880 1879 2941 in
1905 2896 2061 2942 uno·

499 2988 756 3053 quoque
783 2987 1016 3052 genere
1047 2972 1253 3033 solum
1293 2972 1632 3052 requiritur
1653 2970 2059 3035 immediatus

497 3065 768 3127 influxus
796 3066 960 3127 inter
995 3066 1198 3145 ipsam
1233 3071 1297 3128 et
1341 3064 1634 3129 effectum
1664 3082 1681 3138 ;
1727 3064 1880 3127 ordo
1907 3082 2059 3127 vero

496 3158 666 3221 illius
694 3158 955 3221 effectus
983 3158 1067 3221 ad
1106 3158 1296 3221 aliam
1335 3157 1735 3223 remotiorem
1773 3176 2057 3235 causam,

499 3270 537 3315 a
577 3270 706 3333 qua
737 3252 1020 3333 proxima
1051 3270 1244 3315 causa
1293 3252 1621 3332 processit,
1652 3258 1748 3315 est
1801 3271 1916 3334 per
1950 3270 2060 3315 ac-

498 3346 735 3422 cidens,
758 3350 826 3407 ut
849 3350 1119 3409 constat
1157 3346 1238 3409 de
1267 3346 1634 3410 habitudine
1660 3347 1825 3409 inter
1867 3364 2059 3409 avum

500 3445 562 3501 et
609 3441 953 3518 nepotem;
995 3440 1086 3502 sic
1135 3440 1416 3521 ergo,‘ut
1463 3440 1605 3504 duee
1661 3458 1866 3505 causae
1907 3456 2063 3503 con-

491 3532 842 3613 jungantur
895 3532 996 3595 vel
1043 3531 1535 3596 subordinentur
1585 3534 1648 3595 in
1686 3534 1959 3615 agend0,
1990 3538 2063 3597 ut

497 3624 860 3705 principalis
915 3629 977 3689 et
1027 3625 1544 3701 instrumentalis,
1571 3644 1688 3707 per
1739 3646 1805 3691 se
1853 3628 2061 3690 solum

497 3720 825 3799 requirunt
877 3718 1162 3782 debitum
1224 3720 1530 3781 influxum
1587 3720 1656 3782 in
1713 3722 2007 3783 effectum
2036 3736 2057 3798 3

497 3812 666 3893 quod
687 3828 836 3875 vero
885 3830 1014 3873 una
1055 3812 1136 3875 ab
1183 3812 1380 3877 altera
1419 3814 1742 3895 procedat,
1779 3832 1898 3879 nec
1944 3832 2063 3896 per

499 3924 568 3971 se
616 3925 690 3969 ac
745 3906 1092 3971 formaliter
1155 3908 1584 3971 necessarium
1657 3911 1754 3971 est
1776 3954 1792 3983 ,
1849 3923 2059 3987 neque

499 4000 690 4063 etiam
739 4006 834 4065 est
873 4000 1144 4065 conditio
1189 4002 1544 4065 necessaria
1595 4000 1678 4063 a'd
1733 4001 2009 4083 primum
2037 4049 2054 4077 ,

498 4094 669 4174 quod
695 4112 810 4175 per
833 4112 906 4156 se
941 4094 1316 4177 requiritur;
1351 4094 1523 4157 nulla
1568 4101 1665 4157 est
1693 4091 1865 4157 enim
1898 4096 2058 4159 ratio

497 4205 623 4267 qua
674 4188 1034 4268 hujusmodi
1077 4188 1421 4251 necessitas
1450 4188 1843 4250 ostendatur.
1871 4190 2054 4265 Nam,

498 4300 643 4345 cum
669 4296 807 4343 esse
838 4281 920 4343 sit
941 4281 1132 4363 prius,
1165 4280 1387 4343 saltem
1407 4288 1656 4357 natura,
1690 4298 1882 4360 quam
1912 4300 2057 4343 cau-

499 4390 664 4448 sare,
687 4378 946 4454 possunt
957 4374 1099 4440 dum
1123 4390 1326 4437 causoe
1347 4374 1646 4454 conjungi
1661 4374 1742 4435 ad
1763 4376 2059 4437 effectum

498 4468 909 4544 causandum,
928 4468 980 4532 si
1011 4468 1073 4531 in
1105 4468 1196 4531 eis
1223 4472 1618 4547 supponatur
1645 4485 1786 4531 esse
1809 4484 2059 4531 accom-

499 4560 823 4626 modatum
853 4562 933 4625 ad
969 4561 1165 4625 talem
1211 4560 1508 4625 causandi
1547 4561 1830 4636 modum,
1861 4560 2059 4625 unde-

497 4669 748 4735 cunque
777 4654 934 4718 illud
959 4654 1255 4719 habeant.

577 4751 680 4811 87.
707 4747 940 4811 Deinde
981 4766 1111 4809 non
1142 4754 1237 4811 est
1273 4766 1392 4831 per
1419 4768 1486 4812 se
1513 4749 1945 4813 necessarium
1977 4748 2058 4811 ad

498 4842 804 4907 rationem
853 4843 1268 4916 instrumenti,
1303 4849 1373 4907 ut
1415 4844 1486 4905 in
1527 4860 1598 4906 se
1647 4843 1908 4923 recipiat
1946 4844 2058 4905 ali·

500 4949 690 5016 quem
701 4940 943 5001 metum⁴
957 4952 1069 5001 seu
1095 4934 1400 4999 influxum
1427 4936 1786 5018 principalis
1809 4938 2057 5017 agentis

499 5028 858 5091 distinctum
887 5030 926 5091 ιι
954 5046 1072 5091 suo
1103 5046 1278 5105 esse,
1313 5036 1378 5092 et
1402 5032 1703 5111 praevium
1753 5030 1834 5091 ad
1863 5030 2059 5094 actio-

499 5135 672 5197 nem,
701 5128 772 5183 ut
803 5139 922 5202 per
948 5122 1127 5183 illum
1165 5122 1416 5199 afficiat,
1453 5123 1557 5187 vel
1601 5123 1949 5205 applicetur
1974 5124 2058 5187 ad

500 5214 848 5294 agendum3
883 5215 1168 5296 quamvis
1197 5214 1365 5278 enim
1391 5216 1512 5279 hoc
1540 5216 1604 5278 in
1625 5218 2056 5280 instrumentis

499 5310 649 5371 artis
667 5309 1046 5386 inveniatur,
1063 5310 1212 5391 quia
1239 5310 1428 5372 homo
1455 5328 1724 5393 operans
1741 5316 1810 5372 ut
1833 5310 2058 5375 artifex

499 5401 652 5472 nihil
683 5407 888 5485 petest
914 5404 1188 5478 efficere,
1219 5402 1341 5471 nisi
1375 5420 1494 5485 per
1517 5410 1755 5469 motum
1787 5404 2057 5469 localem

501 5494 870 5577 applicando
901 5496 1098 5561 activa
1127 5496 1413 5577 passrvis,
1441 5497 1542 5561 vel
1594 5508 1790 5560 unum
1829 5515 2057 5579 eorpus

1723 336 1956 402 QUAEST.
1994 338 2123 395 Xssl.
2158 338 2360 395 Alme.
2396 340 2479 397 W.

2138 439 2207 502 in
2240 458 2435 505 unum
2464 441 2677 505 locum
2718 434 3200 519 introducendo,
3228 448 3289 505 et
3332 442 3725 525 expellendo

2143 532 2352 609 aliud,
2400 535 2465 595 in
2518 534 2950 619 instrumentis
2999 540 3213 598 autem
3254 543 3505 599 naturae
3563 538 3725 601 illud

2141 644 2269 689 non
2294 631 2393 689 est
2426 628 2885 705 necessarium,
2919 628 3069 706 quia
3107 630 3361 708 agentia
3396 630 3729 711 principa..

2140 720 2225 781 lia
2252 738 2385 783 non
2414 726 2754 801 operantur
2780 720 2889 784 illo
2916 721 3129 798 modo,
3160 722 3277 785 sed
3300 722 3581 805 physice
3624 724 3725 785 in-

2142 814 2396 877 fluendo
2428 815 2492 876 in
2521 814 2729 895 ipsum
2760 814 3079 891 effectum,
3108 816 3209 879 vel
3241 834 3359 899 per
3380 816 3610 879 solum
3636 818 3727 879 in·
3840 822 3853 837 “

2144 914 2583 985 strumentum,
2608 910 2663 973 si
2708 915 3069 989 separatum
3110 912 3211 987 sit,
3242 911 3346 973 vel
3374 912 3583 975 etiam
3616 930 3728 993 per
3841 921 3857 934 '¹

2145 1018 2215 1065 se
2269 1002 2411 1082 ipsa
2446 1048 2463 1079 ,
2510 1002 2561 1065 si
2610 1002 3097 1067 instrumentum
3148 1006 3228 1067 sit
3276 1007 3725 1086 conjunctum.

2146 1096 2340 1160 Priori
2364 1096 2537 1159 enim
2580 1098 2768 1161 modo
2800 1106 3098 1180 operatur
3126 1116 3446 1181 generans
3474 1118 3607 1183 per
3632 1118 3729 1163 se·

2144 1208 2294 1253 men
2321 1196 2390 1255 ut
2416 1209 2533 1272 per
2565 1193 3077 1269 instrumentum,
3102 1200 3166 1257 et
3202 1194 3563 1275 projiciens
3592 1212 3729 1257 mo-

2142 1290 2249 1347 vet
2298 1300 2416 1365 per
2470 1286 2817 1365 impetum;
2856 1286 3189 1366 posteriori
3246 1292 3469 1349 autem
3534 1286 3725 1350 modo

2144 1378 2459 1441 concurrit
2480 1378 2837 1442 intellectus
2863 1398 3060 1463 agens
3076 1398 3221 1442 cum
3241 1381 3723 1462 phantasmate,

2144 1470 2248 1535 vel
2288 1472 2492 1535 forma
2522 1472 2687 1553 ignis
2715 1491 2859 1535 cnm
2888 1473 3121 1550 calore,
3141 1476 3323 1555 juxta
3350 1474 3727 1557 probabiles
3855 1550 3857 1553 ¹

2146 1565 2474 1645 opiniones
2497 1582 2519 1645 3
2550 1566 2748 1629 multo
2773 1584 2923 1648 ergo
2946 1568 3158 1629 minus
3180 1570 3247 1630 in
3278 1568 3729 1633 instrumentis
3841 1587 3843 1589 ’

2146 1660 2361 1741 gratim
2402 1666 2465 1725 et
2498 1661 2965 1740 omnipotentiae
3003 1662 3227 1725 divinae
3266 1668 3362 1726 est
3412 1682 3725 1727 necessa·

2146 1756 2276 1817 rius
2302 1756 2473 1835 prior
2496 1756 2601 1817 ille
2626 1754 2855 1818 modus
2878 1755 3132 1837 agendi,
3152 1756 3300 1837 qnia
3332 1756 3539 1819 etiam
3568 1758 3727 1819 Deus
3833 1769 3839 1794 ¹

2146 1856 2242 1911 est
2263 1850 2612 1930 principale
2658 1866 2931 1929 operans
2962 1868 3078 1930 per
3106 1850 3241 1913 baec
3268 1850 3725 1929 instrumenta,
3827 1927 3837 1936 Ι

2146 1948 2208 2005 et
2232 1960 2345 2024 per
2370 1960 2438 2005 se
2473 1944 2837 2007 immediate
2864 1944 3139 2007 influens
3170 1944 3235 2005 in
3280 1945 3509 2027 ipsum
3552 1944 3728 2007 effec-
3829 1951 3835 1960 “

2142 2043 2302 2114 tum,
2336 2042 2399 2099 et
2424 2040 2631 2119 potest
2654 2038 2901 2101 elevare
2926 2039 3445 2114 instrumentum,
3484 2041 3729 2121 specia—
3837 2114 3857 2121 .,

2142 2131 2189 2193 li
2214 2130 2405 2194 modo
2427 2149 2571 2195 oum
2590 2131 2697 2195 illo
2725 2132 3181 2208 concurrendo,
3206 2132 3511 2213 quamvis
3534 2134 3607 2194 in
3632 2134 3728 2194 illo
3825 2140 3857 2196 ι

2142 2226 2298 2288 nihil
2326 2227 2634 2306 praevinm
2679 2226 2927 2303 efficiat,
2960 2231 3031 2289 ut
3078 2242 3156 2287 ex
3200 2226 3385 2288 dictis
3440 2228 3732 2289 sectione
3827 2215 3857 2309 if

2146 2320 2539 2403 praecedente
2576 2320 2913 2401 probatum
2941 2326 3061 2383 est.
3096 2320 3272 2383 Ratio
3304 2336 3467 2400 ergo
3498 2322 3727 2383 instru-
3829 2309 3857 2342 '·

2146 2414 2342 2477 menti
2360 2414 2595 2495 proprii
2618 2431 2691 2476 ac
2712 2414 2951 2495 physici
2974 2413 3037 2476 in
3059 2414 3179 2476 hoc
3192 2412 3514 2489 consistit,
3532 2416 3723 2492 quod,
3835 2411 3837 2424 ²

2144 2507 2292 2570 licet
2312 2526 2459 2570 vere
2486 2508 2741 2585 efficiat,
2770 2514 3137 2571 nontamen
3157 2509 3385 2571 virtute
3406 2508 3726 2589 principa·
3815 2429 3857 2634 ἱ

2144 2601 2213 2679 li,
2246 2601 2313 2664 id
2350 2606 2468 2678 est,
2515 2601 2600 2663 ita
2651 2602 3151 2687 proportionata,
3179 2608 3249 2663 ut
3286 2602 3370 2663 sit
3427 2602 3725 2685 ejusdcm
3831 2641 3841 2656 ·

2140 2696 2241 2757 vel
2278 2695 2708 2758 eminentioris
2764 2695 3001 2759 ordinis
3042 2714 3188 2758 cum
3216 2696 3452 2759 effectu
3482 2697 3557 2759 in
3594 2714 3723 2777 per·
3835 2742 3836 2761 1

2139 2788 2434 2851 sectione.
2462 2789 2644 2853 Unde
2668 2788 2740 2852 fit
2762 2796 2833 2851 ut
2861 2788 3110 2851 efficere
3136 2806 3265 2851 non
3295 2790 3513 2871 possit
3542 2792 3720 2853 effec-

2140 2891 2297 2957 tum,
2318 2882 2439 2944 nisi
2468 2889 2537 2945 ιιι
2574 2883 2789 2945 subest
2834 2882 3139 2964 superiori
3184 2883 3530 2945 concursui
3562 2886 3723 2965 prin-

2140 2977 2355 3059 cipalis
2393 2976 2657 3057 agentis‚
2686 2976 2788 3037 vel
2814 2976 3073 3039 alterius
3095 2975 3441 3057 superioris
3474 2978 3601 3059 qui
3624 2978 3725 3039 de·

2140 3072 2374 3135 fectum
2420 3072 2557 3151 ejus
2585 3070 2895 3151 suppleat,
2928 3076 3001 3132 ut
3017 3071 3207 3133 latius
3230 3068 3297 3133 in
3324 3072 3723 3153 metaphysi-

2142 3166 2231 3226 cis
2286 3162 2813 3244 disputationibus
2869 3170 3233 3227 tractamus.
3290 3166 3364 3227 In
3413 3164 3721 3247 praesemi

2140 3274 2289 3321 vero
2314 3259 2475 3320 ratio
2502 3256 2694 3319 divini
2718 3263 2783 3320 et
2806 3256 3167 3320 miraculosi
3190 3256 3615 3321 instrumenti
3638 3260 3721 3319 ul·

2139 3357 2235 3413 tra
2267 3352 2387 3413 hoc
2411 3348 2626 3426 habet,
2659 3350 2831 3431 quod
2859 3368 2987 3414 non
3029 3370 3104 3415 ex
3149 3352 3426 3415 naturali
3452 3372 3722 3433 propor-

2140 3448 2331 3520 tione,
2362 3445 2565 3527 sedJex
2586 3444 3010 3522 obedientiali,
3026 3464 3135 3509 seu
3160 3464 3288 3508 non
3309 3452 3719 3527 repugnante

2142 3546 2459 3621 operatur,
2486 3556 2560 3601 ac
2588 3538 2817 3601 deinde
2847 3540 2992 3602 hinc
3021 3540 3213 3603 habet
3236 3545 3308 3601 ut
3344 3540 3587 3603 efficiat
3615 3560 3722 3623 per

2144 3648 2517 3695 concursum
2541 3630 2716 3694 nullo
2746 3632 2938 3695 modo
2966 3650 3095 3694 suae
3125 3638 3365 3695 naturae
3394 3632 3717 3709 debitum,

2144 3724 2257 3790 sed
2284 3742 2401 3807 per
2416 3742 2789 3789 concursum
2812 3726 3149 3807 superioris
3173 3724 3434 3789 ordinis.
3464 3730 3559 3789 Ex
3596 3747 3720 3809 quo

2142 3820 2403 3883 ulterius
2448 3819 2541 3897 fit,
2568 3826 2638 3882 ut
2690 3820 2853 3881 actio
2898 3837 3029 3881 non
3058 3820 3139 3882 sit
3178 3822 3621 3883 mensuranda
3652 3839 3719 3885 ex

2142 3912 2415 3977 naturali
2453 3914 2844 3995 perfectione
2890 3913 3314 3990 instrumenti,
3342 3914 3463 3977 sed
3494 3934 3577 3977 ex
3602 3918 3717 3978 vir·

2142 4013 2273 4071 tute
2306 4024 2419 4069 seu
2443 4006 2686 4069 influxu
2715 4006 3079 4087 principalis
3109 4008 3378 4087 agentis.

2220 4100 2321 4163 88.
2354 4100 2450 4163 Ad
2478 4106 2927 4181 argumentum
2949 4118 3100 4181 ergo
3128 4100 3193 4162 in
3212 4100 3416 4162 forma
3438 4108 3715 4181 negatur

2139 4194 2415 4273 sequela,
2464 4194 2699 4257 scilicet
2728 4240 2743 4271 ,
2787 4201 3150 4257 creaturam
3180 4200 3557 4275 operantem
3600 4216 3713 4277 per
3841 4271 3849 4282 .

2139 4288 2483 4369 potentiam
2542 4288 3028 4351 obedientialem
3070 4290 3317 4371 operari
3356 4295 3431 4352 ut
3478 4290 3713 4370 princi·
3835 4287 3848 4302 ’

2138 4382 2279 4462 pale
2309 4398 2543 4463 agens;
2568 4382 2704 4463 jam
2746 4382 2917 4443 enim
2956 4382 3107 4444 satis
3144 4381 3534 4445 declaratum
3588 4390 3707 4457 est,

2140 4474 2455 4555 quomodo
2493 4476 2655 4537 ratio
2683 4476 3083 4537 instrumenti
3112 4474 3173 4538 ei
3222 4475 3579 4540 conveniat.
3618 4476 3712 4539 Ad

2140 4570 2582 4649 probationem
2639 4574 2853 4631 autem
2900 4570 3175 4648 sequelae
3236 4571 3668 4651 respondetur
3690 4615 3707 4645 ,

2141 4670 2499 4725 creaturam
2526 4642 2675 4725 tu‘nc
2714 4680 2903 4743 agere
2930 4670 3001 4724 ut
3050 4662 3545 4726 instrumentum
3569 4665 3705 4737 Dei,

2142 4756 2413 4818 auctoris
2429 4757 2645 4837 gratiae
2660 4761 2722 4818 et
2746 4748 3321 4837 supernaturalium
3334 4746 3677 4833 effectuum
3688 4804 3701 4818 .

2140 4849 2358 4929 Neque
2394 4850 2579 4925 ratio,
2615 4863 2757 4929 quse
2813 4854 3031 4911 contra
3086 4848 3205 4913 hoc
3236 4848 3328 4928 fit,
3372 4856 3469 4915 cst
3520 4850 3709 4911 ullius

2138 4942 2438 5004 momenti
2466 4964 2485 5019 ;
2525 4960 2697 5016 nam,
2742 4942 2889 5006 licet
2922 4948 3211 5007 creatura
3246 4944 3718 5023 cum‘omnipo·

2136 5033 2331 5099 tentia
2360 5034 2785 5113 obedientiali,
2817 5054 2958 5117 quae
2988 5036 3053 5097 in
3084 5036 3219 5117 ipsa
3246 5042 3364 5113 est,
3398 5040 3528 5099 tam
3554 5036 3705 5099 acti-

2138 5144 2215 5189 va
2241 5144 2432 5207 qnam
2462 5128 2727 5211 passiva,
2752 5128 3054 5209 procedat
3088 5126 3286 5193 aDeo
3337 5136 3421 5193 ut·
3444 5136 3702 5193 auctore

2139 5226 2399 5295 naturae,
2429 5220 2838 5284 nihilominus
2880 5240 3032 5285 usus
3078 5223 3242 5302 ejus,
3284 5222 3387 5285 vel
3435 5224 3501 5286 in
3547 5220 3702 5283 reci·

2136 5312 2391 5395 piendO,
2416 5314 2519 5378 vel
2544 5316 2609 5379 in
2638 5316 2887 5399 agendo
2913 5317 2981 5379 in
3002 5316 3247 5379 ratione
3270 5315 3693 5389 instrumenti,

2140 5413 2233 5470 est
2284 5416 2574 5491 respectu
2602 5410 2711 5476 Dei
2744 5417 2815 5475 ut
2847 5410 3119 5481 auctoris
3152 5410 3691 5491 supernaturalis3

2140 5500 2288 5580 quia
2332 5517 2595 5569 necesse
2624 5522 2751 5569 non
2779 5512 2872 5567 est
2898 5511 2969 5567 ut
2998 5502 3170 5567 idem
3211 5502 3441 5567 efficiat
3468 5502 3695 5565 insuu-
