3892 6167
1404 317 1719 369 otsrttTA'r.
1758 318 1873 369 [W.
1912 320 2078 372 Sffll‘l'.
2119 320 2175 371 V.

168 415 225 471 et
276 412 373 471 cst
391 434 417 469 .·
458 414 693 492 quando
739 424 929 476 sacra»
972 413 1289 497 ἐπαφίησι,
1334 419 1426 481 vel
1465 419 1739 483 historice

158 504 543 585 pinguntur,
568 507 747 583 prius
776 524 945 570 sacro
972 509 1297 573 chrismato
1321 519 1652 595 unquntnr,
1682 518 1739 577 et

168 602 313 658 tunc
334 614 377 659 a
406 598 689 673 fidelibus
714 608 1101 665 venerantur.
1131 605 1255 666 Sed
1286 606 1419 667 haec
1448 607 1733 669 limitatio

164 708 295 751 non
326 698 431 754 est
468 692 538 753 in
576 694 939 758 universum
978 700 1356 775 necessaria3
1390 718 1558 775 nam,
1590 701 1734 765 licet

164 786 417 862 possint
456 788 767 867 imagines
806 791 925 853 hoc
966 794 1386 856 caeremoniali
1426 794 1617 857 modo
1647 795 1735 876 (ut

166 880 249 939 ita
280 878 521 960 dicam)
552 882 947 958 sanctificari,
978 882 1193 948 tamen
1221 887 1343 950 hoc
1372 888 1737 966 simpliciter

163 976 601 1036 necessarium
636 994 766 1037 non
814 985 909 1040 est
944 986 1015 1042 ut
1062 986 1361 1058 tanquam
1403 998 1505 1043 res
1540 998 1733 1043 sacrae

164 1064 531 1129 habeantur
556 1075 617 1130 et
636 1070 941 1145 colantur,
973 1074 1085 1135 sed
1112 1075 1263 1136 satis
1294 1080 1477 1137 estut
1500 1074 1737 1137 Deivel

165 1160 547 1222 Sanctorum
598 1163 790 1224 cultui
826 1164 1227 1246 deputentur,
1264 1174 1333 1229 ut
1374 1185 1455 1229 ex
1490 1168 1733 1229 ratione

162 1259 225 1313 et
252 1252 551 1317 doctrina
592 1258 666 1317 D.
696 1257 955 1320 'rhomae
982 1261 1171 1322 citata
1214 1266 1498 1334 constat;
1530 1261 1735 1341 depu-

160 1352 389 1407 tantur
414 1352 627 1409 autem
654 1368 733 1411 ex
756 1352 897 1424 hoc,
918 1354 1085 1431 qaod
1116 1354 1197 1415 ad
1224 1354 1363 1416 illos
1389 1372 1739 1435 repraesen-

160 1438 399 1499 tandos
434 1440 851 1505 instituuntur
892 1452 953 1507 et
1000 1454 1435 1524 assumuntur,
1487 1454 1555 1509 ut
1595 1449 1736 1527 Epi-

159 1532 445 1610 phanius
486 1534 861 1615 significavit
904 1539 969 1599 in
1008 1540 1117 1601 vu
1146 1540 1399 1621 Synodo
1424 1584 1443 1613 ,
1500 1546 1620 1604 act.
1670 1542 1731 1613 6,

160 1631 205 1685 t.
240 1629 307 1699 4,
338 1627 410 1687 in
438 1628 764 1709 principio,
792 1632 903 1692 nbi
932 1634 1021 1693 sic
1052 1631 1297 1713 inquit:
1334 1633 1546 1716 Typus
1572 1633 1737 1697 salu-

162 1719 367 1796 tifeaew
394 1724 621 1798 crucis,
649 1726 777 1787 eive
808 1732 1058 1789 sacrata
1084 1726 1443 1807 precatione,
1476 1729 1603 1790 &ive
1643 1729 1737 1791 de-

162 1814 501 1890 dicaciam,
532 1818 697 1901 apud
732 1837 841 1882 noe
886 1822 1257 1886 honorabili-5
1286 1821 1520 1893 mitit,
1550 1824 1737 1885 satis-

160 1907 323 1981 fecit
380 1912 539 1971 enim
586 1912 755 1976 nobis
797 1916 1025 1995 fiyura.
1078 1914 1170 1975 Ex
1222 1914 1451 1993 quibus
1500 1915 1735 1977 ultimis

160 2000 383 2061 verbis
408 2002 719 2083 colligitur
744 2008 1057 2085 generalis
1084 2007 1269 2079 ratio,
1302 2026 1451 2069 nam
1480 2009 1735 2088 propria

160 2092 577 2158 sanctificatio
618 2098 909 2179 imaginis
947 2118 1077 2163 non
1124 2102 1404 2164 consistit
1430 2102 1495 2162 in
1524 2102 1735 2180 aliqua

160 2190 609 2253 benedictione
645 2193 743 2254 vel
786 2194 1106 2267 unctione,
1144 2195 1257 2257 sed
1286 2196 1353 2255 in
1388 2213 1737 2275 repraesen-

160 2283 403 2350 tatione
424 2300 715 2365 personas
738 2304 933 2350 sacrae
958 2289 1035 2349 ad
1056 2306 1248 2367 quam
1274 2289 1467 2351 habet
1489 2308 1735 2368 respec-

164 2384 325 2451 tum,
352 2396 431 2440 ex
460 2380 585 2441 hoc
604 2383 861 2461 praecise
884 2384 1053 2461 quod
1072 2383 1239 2444 illius
1264 2383 1735 2445 similitudinem

168 2472 329 2549 gerit
350 2518 368 2543 ,
418 2476 488 2533 et
526 2474 659 2535 vice
690 2475 859 2536 illius
901 2474 1335 2551 substituitur,
1367 2482 1439 2539 ut
1470 2476 1737 2539 Anasta-

175 2565 321 2640 εἰπε,
363 2565 429 2627 in
461 2565 687 2629 eadem
716 2568 823 2630 VII
856 2569 1132 2647 synodo,
1166 2574 1288 2632 act.
1320 2574 1383 2641 4,
1422 2570 1736 2650 significa-

174 2658 275 2718 rit.
303 2657 491 2719 Unde
522 2676 601 2721 ex
624 2661 688 2721 vi
716 2662 904 2740 hujus
930 2663 1507 2742 repraesentationis
1548 2669 1613 2725 et
1638 2664 1737 2724 in-

166 2750 530 2824 stitutionis,
568 2751 763 2814 habet
788 2754 997 2835 imago
1024 2755 1438 2834 aptitudinem
1468 2755 1550 2817 ad
1596 2755 1735 2817 illos

161 2860 381 2905 sacros
422 2862 580 2907 usus
606 2846 689 2907 ad
736 2864 896 2927 quos
948 2846 1235 2911 conferre
1282 2853 1523 2929 potest;
1578 2866 1731 2930 ergo

162 2939 285 2999 hoc
314 2940 473 3000 satis
512 2945 610 3002 est
636 2947 709 3003 ut
727 2984 748 3017 ,
776 2948 1082 3020 tanquam
1113 2962 1215 3005 res
1244 2962 1445 3018 sacra,
1474 2960 1737 3005 venera-

160 3029 309 3091 bilis
334 3032 589 3106 existen
638 3040 705 3096 ct
729 3033 873 3097 ideo
899 3037 1005 3097 Vll
1032 3037 1327 3117 synodus
1356 3054 1486 3099 non
1517 3036 1597 3098 de
1626 3037 1737 3099 be-

162 3122 446 3185 nedictis
464 3132 571 3188 ant
609 3129 817 3189 unctis
841 3130 1223 3209 imaginibus
1243 3176 1263 3206 ,
1296 3128 1409 3192 sed
1438 3130 1735 3210 simplici-

166 3224 269 3277 ter
318 3218 401 3280 de
441 3220 819 3300 imaginibus
846 3222 970 3298 ait,
1018 3240 1159 3285 esse
1203 3224 1609 3285 veneratione
1636 3223 1733 3285 di-

164 3326 359 3389 gnas;
393 3316 457 3373 et
474 3328 641 3393 saepe
663 3314 949 3395 exempla
974 3314 1232 3377 adhibet
1250 3316 1329 3377 de
1352 3316 1474 3376 ima
1484 3316 1733 3395 ginibus

163 3403 341 3464 nulla
376 3406 637 3483 speciali
688 3408 1066 3470 caeremonia
1100 3409 1385 3485 sacratis,
1420 3416 1492 3470 nt
1520 3408 1601 3471 de
1632 3426 1733 3471 ce-

163 3513 271 3557 rea
314 3498 599 3577 imagine
642 3518 767 3579 qua
806 3502 1105 3563 utebatur
1133 3502 1637 3583 chrysostomus,
1672 3504 1735 3563 et

164 3589 241 3651 de
268 3590 557 3672 imagine
582 3614 622 3655 a
644 3594 985 3657 Nicodemo
1002 3596 1273 3675 depicta,
1298 3602 1361 3657 et
1386 3594 1727 3668 similibus;

162 3684 479 3764 imagines
506 3688 705 3763 enim,
733 3688 816 3749 ad
843 3690 1043 3751 Deum
1064 3689 1165 3751 vel
1204 3692 1465 3753 Sanctos
1502 3706 1735 3769 reprae·

163 3778 513 3841 sentandos
550 3780 795 3856 dicatae,
822 3782 943 3845 hoc
984 3784 1121 3862 ipso
1168 3784 1334 3845 inter
1374 3800 1481 3844 res
1522 3800 1733 3845 sacras

162 3870 549 3933 inanimatas
596 3875 1033 3955 computandae
1082 3883 1228 3937 sunt
1246 3921 1263 3947 ‚
1316 3885 1379 3937 et
1424 3874 1569 3937 ideo
1602 3892 1735 3937 non

162 3964 377 4025 minus
425 3974 572 4027 sunt
618 3964 999 4031 adorationis
1044 3986 1325 4049 capaces,
1371 3984 1563 4048 quam
1600 3969 1735 4030 alite

162 4076 267 4119 res
294 4060 537 4121 similes
559 4062 687 4123 Deo
716 4070 1122 4125 consecrata.

246 4154 349 4213 18.
387 4152 631 4217 Ultima
651 4160 879 4218 nostra·
904 4157 1216 4220 sententioe
1242 4157 1735 4233 confirmatio.—

162 4246 373 4324 Atque
404 4246 553 4307 hinc
584 4255 795 4326 potest
832 4249 1055 4311 ultimo
1084 4249 1221 4311 haec
1249 4250 1561 4312 sententia
1588 4270 1735 4313 con-

160 4337 410 4399 firmari
440 4340 833 4416 auctoritate,
861 4343 1213 4421 praesertim
1242 4345 1352 4406 VII
1380 4344 1637 4424 synodi,
1672 4343 1734 4403 in

158 4450 291 4511 qna
310 4430 825 4511 frequentissime
845 4434 1094 4510 dicitur,
1116 4436 1499 4515 imaginibus
1516 4436 1734 4498 deberi

158 4524 563 4587 venei-ariam
592 4525 1027 4589 adorationem
1056 4576 1070 4600 ,
1102 4529 1309 4609 qualis
1343 4528 1613 4591 debetur
1638 4545 1733 4590 re-

158 4618 285 4678 bus
306 4618 527 4693 sacris,
548 4636 681 4679 non
706 4624 918 4681 tamen
941 4620 1215 4695 latriam,
1238 4628 1309 4685 ut
1326 4627 1499 4701 patet
1518 4622 1583 4682 in
1610 4627 1729 4682 act.

162 4712 227 4779 2,
254 4717 404 4788 post
454 4710 633 4789 epist.
666 4710 951 4787 Adriani,
988 4720 1053 4777 et
1106 4715 1453 4793 saepissime
1500 4714 1565 4775 in
1610 4717 1669 4787 3,
1696 4717 1736 4776 4

165 4810 228 4863 et
257 4804 323 4875 6,
348 4820 427 4863 ac
464 4803 741 4883 denique
794 4806 861 4867 in
885 4808 943 4881 7,
974 4808 1041 4868 in
1069 4806 1339 4887 ipsamet
1393 4807 1545 4869 fidei
1588 4806 1739 4869 defi-

168 4899 233 4960 ni
242 4900 443 4976 tione,
464 4917 613 4980 qnae
659 4900 943 4965 definitio
964 4910 1065 4966 est
1098 4904 1574 4967 accommodata
1594 4922 1738 4985 pro·

164 4994 459 5072 portione
487 4994 931 5075 intelligenda3
954 5014 1106 5059 nam
1130 5014 1315 5060 mens
1334 4998 1587 5060 Concilii
1614 5004 1733 5073 est,

162 5087 433 5165 imagini
472 5104 604 5149 non
636 5088 854 5151 deberi
890 5090 1325 5153 adorationem
1364 5091 1623 5153 omnino
1652 5108 1737 5151 ω-

166 5180 415 5257 qualem
450 5181 537 5241 illi
572 5198 713 5260 quai
744 5182 1003 5246 debetur
1030 5186 1391 5266 exemplari.
1422 5182 1600 5249 Unde
1630 5202 1733 5247 re-

164 5280 381 5351 spectu
422 5274 725 5353 imaginis
757 5276 982 5337 Christi
1018 5278 1383 5358 intelligitur
1430 5275 1511 5340 de
1550 5278 1731 5339 latria

164 5366 445 5445 propria,
476 5372 549 5428 ut
579 5366 774 5429 verba
804 5376 1053 5446 sonant3
1084 5377 1370 5451 respectu
1396 5388 1545 5433 vero
1574 5370 1732 5431 ima-

166 5458 379 5536 ginum
414 5460 819 5536 Sanctorum,
834 5463 1201 5543 intelligitur
1220 5466 1409 5529 etiam
1428 5465 1503 5527 de
1532 5462 1725 5537 dulia,

1819 434 1960 495 quae
1993 419 2144 498 ipsis
2185 419 2426 481 Sanctis
2455 418 2752 493 (lebetum
2777 421 2966 502 igitur
2989 438 3066 483 ex
3092 422 3376 487 doctrina

1816 510 2075 573 Concilii
2124 511 2407 574 adoratio
2458 512 2768 591 imaginiS,
2817 521 3004 594 prout
3049 517 3131 577 ad
3171 518 3378 597 ipsam

1816 605 2212 681 terminatur,
2243 604 2506 666 inierior
2537 612 2634 667 est
2659 605 3024 669 adoratione
3067 611 3378 691 exempla-

1816 696 1935 773 ris;
1967 697 2074 759 ina
2104 698 2589 761 auteminferior
2615 690 2898 761 adoratio
2929 702 3218 782 imaginis
3245 720 3376 766 non

1814 794 2022 871 potest
2055 810 2196 854 esse
2237 793 2384 869 alia,
2417 794 2540 855 nisi
2581 792 2686 857 illa
2737 810 2877 873 quae
2924 801 3019 857 est
3047 814 3221 859 mere
3251 815 3376 861 res-

1815 884 2098 963 pectiva,
2132 890 2194 947 et
2223 886 2440 947 nititur
2466 887 2530 948 in
2581 888 2951 948 excellentia
3005 891 3378 970 exemplaris

1814 980 2117 1055 tanquam
2144 978 2210 1040 in
2234 980 2476 1041 ratione
2505 979 2831 1055 adorandi,
2857 988 3144 1043 versatur
3167 989 3378 1044 autem

1816 1068 1982 1129 circa
2009 1071 2354 1151 imaginem
2381 1080 2452 1134 ut
2489 1075 2554 1133 in
2583 1092 2710 1134 rem
2741 1080 2998 1153 propter
3029 1075 3200 1137 aliud
3227 1076 3380 1137 ado-

1814 1168 2040 1223 ratam.
2063 1164 2319 1225 Duobus
2353 1172 2564 1227 autem
2595 1165 2798 1227 modis
2827 1184 3020 1245 supra
3051 1168 3382 1231 insinuatis

1816 1254 1986 1315 eludi
2011 1262 2214 1336 potest
2239 1259 2358 1319 hoc
2383 1261 2834 1321 testimonium.
2865 1260 3040 1321 Prior
3067 1266 3185 1334 est,
3207 1260 3378 1340 quod

1816 1347 2102 1411 adoratio
2152 1350 2444 1431 imaginis
2487 1352 2731 1413 dicatur
2777 1353 3061 1423 inferior,
3092 1354 3242 1433 quia
3287 1355 3380 1415 in-

1814 1450 1998 1505 terna
2028 1443 2290 1505 intentio
2319 1446 2525 1508 cultus
2561 1466 2689 1507 non
2718 1446 2885 1508 cadit
2913 1447 2979 1508 in
3009 1448 3234 1527 ipsam,
3266 1447 3378 1509 sed

1818 1536 1953 1597 sola
1980 1538 2144 1599 actio
2175 1539 2446 1600 exterior
2469 1540 2633 1599 circa
2657 1539 2826 1601 illam
2865 1548 3154 1603 versatur
3179 1558 3257 1602 ex
3289 1542 3382 1601 in-

1815 1629 2098 1692 tentione
2147 1631 2392 1693 colendi
2431 1632 2772 1711 exemplar.
2807 1631 2928 1694 Sed
2959 1635 3092 1694 hoec
3117 1650 3382 1714 respon-

1818 1726 1934 1795 si0,
1973 1729 2043 1785 ut
2087 1740 2279 1804 supra
2325 1725 2730 1800 ostendimuS,
2779 1724 3001 1786 falsam
3044 1726 3384 1788 introducit

1816 1815 2167 1879 doctrinam
2193 1862 2209 1891 ‚
2263 1817 2660 1898 multumque
2720 1818 2985 1899 derogat
3036 1819 3383 1899 imaginum

1816 1911 2246 1985 venerationi3
2277 1928 2425 1972 nam
2455 1929 2535 1973 ex
2577 1930 2650 1973 ea
2682 1930 2808 1973 non
2839 1912 3042 1973 solum
3072 1912 3377 1991 sequitur,

1815 2003 2126 2083 imagines
2163 2004 2372 2066 minus
2417 2004 2534 2066 coli
2579 2022 2770 2084 quam
2819 2004 3222 2086 exemplaria,
3269 2004 3381 2065 sed

1817 2096 2005 2157 etiam
2041 2096 2324 2174 sequitur
2351 2096 2487 2158 illas
2513 2114 2643 2158 non
2690 2098 2833 2171 coli,
2864 2098 2973 2160 sed
3006 2098 3140 2159 sola
3171 2116 3384 2160 exem-

1816 2188 2041 2268 plaria,
2071 2190 2216 2269 quia
2235 2234 2256 2266 ,
2289 2190 2450 2252 sicut
2489 2190 2770 2253 adoratio
2811 2190 3105 2267 exterior,
3133 2191 3253 2253 nisi
3301 2208 3382 2252 ex

1815 2282 2164 2347 intentione
2195 2284 2400 2347 cultus
2427 2284 2748 2364 procedat,
2779 2302 2905 2347 non
2935 2290 3033 2347 est
3061 2302 3234 2360 vera,
3266 2285 3381 2345 sed

1814 2374 1966 2437 ficta
2007 2376 2314 2452 adoratio,
2363 2379 2414 2439 si
2459 2378 2748 2441 absolute
2797 2379 3252 2456 consideretur,
3293 2378 3380 2442 ita

1819 2467 2009 2530 ctiam
2028 2472 2376 2550 respective
2396 2488 2526 2533 non
2540 2478 2748 2550 potest
2767 2472 3038 2535 exterior
3055 2472 3216 2535 actio
3237 2488 3378 2535 esse

1816 2578 1968 2625 vera
2011 2564 2293 2628 adoratio
2341 2566 2606 2645 alicujus
2635 2567 2752 2640 rei,
2796 2568 2848 2628 si
2877 2566 3052 2629 nullo
3079 2566 3268 2629 modo
3301 2584 3378 2629 ex

1818 2657 2164 2721 intentione
2191 2659 2438 2722 colendi
2458 2660 2657 2736 illam,
2680 2661 2790 2723 sed
2811 2660 3022 2732 aliam,
3044 2659 3345 2739 procedat
3355 2675 3377 2737 ;

1816 2752 2142 2832 multoque
2171 2754 2380 2816 minus
2409 2753 2531 2817 dici
2559 2760 2764 2834 potest
2788 2754 3125 2817 honoraria
3153 2753 3382 2816 adora-

1815 2845 1903 2906 tio
1924 2846 2210 2925 ejusdem
2230 2848 2349 2923 rei,
2369 2848 2571 2909 sinon
2601 2864 2678 2909 ex
2701 2848 3048 2909 intentione
3073 2846 3378 2909 adorandi

1816 2938 1988 2999 illam
2012 2941 2346 3019 procedam
2369 2958 2514 3003 cum
2537 2947 2750 3002 tamen
2773 2941 2938 3003 dicta
2961 2940 3068 3002 VII
3087 2940 3380 3021 Synodus

1816 3032 2046 3093 dictam
2078 3032 2444 3095 inferiorem
2473 3034 2907 3095 adorationem
2929 3078 2946 3108 ,
2976 3032 3378 3095 honorariam

1814 3124 2112 3205 imaginis
2158 3127 2590 3189 adorationem
2639 3127 2945 3207 appellet3
2977 3144 3119 3207 quai
3168 3127 3380 3189 omnia

1814 3218 1881 3277 in
1907 3220 2334 3298 superioribus
2359 3220 2546 3283 latius
2571 3219 3042 3299 perpendimus.

1897 3314 1994 3374 19.
2028 3312 2164 3375 Alia
2191 3315 2514 3393 responsio
2539 3320 2656 3388 est,
2687 3313 3004 3393 appellare
3033 3312 3378 3377 Concilium

1813 3404 2176 3468 inferiorem
2205 3406 2380 3468 illam
2405 3406 2702 3486 imaginis
2724 3405 3182 3479 adorationem,
3203 3408 3373 3487 quia,

1814 3503 1959 3563 licet
1981 3501 2281 3581 procedat
2303 3518 2381 3563 ex
2408 3501 2756 3564 intentione
2781 3502 3027 3564 colendi
3054 3502 3380 3583 exemplar

1816 3597 1881 3657 in
1911 3596 2184 3673 imagine
2217 3602 2280 3658 et
2325 3613 2442 3674 per
2481 3596 2822 3676 imaginem
2845 3640 2866 3671 ,
2896 3602 3112 3657 tamen
3138 3595 3377 3659 illamet

1813 3688 2080 3750 intentio
2137 3688 2416 3750 inferiori
2465 3688 2654 3751 modo
2706 3690 2954 3769 attingit
2999 3690 3374 3769 imaginem,

1816 3798 2008 3862 quam
2064 3782 2407 3860 exemplar,
2463 3784 2708 3845 etiamsi
2761 3789 3096 3863 utrumque
3141 3782 3378 3845 directe

1814 3877 2106 3956 attingat,
2129 3884 2192 3937 et
2213 3880 2280 3938 ut
2303 3877 2618 3957 obJectum
2639 3879 2808 3958 quod
2828 3878 3147 3940 adoratur.
3171 3878 3376 3959 Atque

1813 3970 1899 4030 ita
1923 3969 1995 4030 fit
2015 3976 2086 4032 ιιι
2107 3967 2452 4032 Concilium
2477 3988 2604 4031 non
2629 3972 2852 4033 doceat
2871 3971 3175 4053 imagines
3192 3987 3377 4051 posse

1816 4062 2066 4123 adorari
2093 4062 2305 4141 aliqua
2333 4062 2614 4125 inferiori
2643 4064 3036 4134 adoratione,
3062 4080 3191 4142 qua
3217 4063 3282 4126 in
3309 4082 3378 4127 re

1814 4156 1952 4235 ipsa
1980 4174 2109 4217 uon
2143 4154 2388 4219 colatur
2426 4156 2856 4236 principaliter
2897 4156 3174 4233 directe,
3205 4163 3270 4220 ct
3311 4162 3380 4217 ut

1814 4248 2022 4327 quod,
2057 4248 2265 4329 ipsum
2299 4250 2637 4329 exemplar.
2673 4250 2798 4311 Sed
2837 4266 3202 4329 quanquam
3241 4248 3380 4311 haec

1814 4342 2118 4421 expositio
2165 4342 2506 4423 improbari
2557 4360 2681 4403 non
2723 4343 2951 4423 possit,
2983 4350 3054 4405 ut
3099 4342 3286 4405 etiam
3315 4344 3376 4403 in

1815 4435 2246 4513 superioribus
2285 4434 2583 4511 diximus,
2615 4443 2678 4499 et
2707 4436 2851 4498 ideo
2879 4435 3164 4499 convinci
3193 4436 3382 4498 etiam

1814 4546 1943 4589 non
1973 4530 2185 4608 possit,
2215 4530 2556 4591 Concilium
2607 4528 2953 4593 formaliter
2981 4536 3046 4593 ct
3086 4546 3381 4608 expresse

1816 4622 2198 4683 sententiam
2234 4630 2516 4687 nostram
2551 4623 2941 4696 definivisse,
2975 4622 3382 4684 nihilomiuus

1818 4719 2032 4775 tamen
2064 4732 2142 4776 ex
2169 4714 2454 4777 doctrina
2481 4715 2760 4790 Concilii,
2795 4716 2987 4778 etiam
3019 4714 3108 4776 sic
3137 4714 3384 4793 exposi-

1820 4812 1907 4883 ta,
1949 4824 2066 4886 per
2109 4810 2632 4888 consequentiam
2662 4810 2810 4872 satis
2851 4806 3240 4888 probabilem
3287 4807 3384 4868 in-

1816 4900 1984 4961 ferre
2033 4917 2372 4981 possumus
2417 4903 2586 4983 quod
2633 4901 3035 4964 intendimus.
3090 4900 3244 4963 Nam
3264 4948 3279 4973 ,
3330 4901 3378 4963 si

1816 4993 2126 5074 imagines
2151 5012 2302 5056 vere
2327 5014 2400 5057 ac
2426 4996 2678 5075 proprie
2707 4994 2956 5055 adorari
2983 5000 3246 5073 possunt
3269 4992 3384 5056 ali·

1818 5106 1943 5169 qua
1974 5090 2324 5153 intentione
2361 5088 2587 5161 cultus,
2619 5106 2760 5168 quae
2805 5086 2886 5149 ad
2915 5088 3056 5149 illas
3089 5088 3384 5151 termina-

1816 5190 1941 5255 tur,
1975 5190 2040 5243 et
2070 5189 2138 5243 ut
2177 5183 2266 5243 sic
2293 5182 2552 5244 inierior
2577 5188 2674 5242 est
2698 5182 3048 5243 intentione
3079 5180 3384 5242 adorandi

1812 5275 2138 5354 exemplar
2157 5284 2414 5356 propter
2431 5294 2502 5338 se
2529 5276 2757 5356 ipsum,
2799 5292 2954 5355 ergo
2979 5274 3084 5335 illa
3114 5272 3382 5336 intentio

1810 5376 2120 5448 concepta
2151 5370 2270 5431 sub
2315 5370 2422 5433 illa
2467 5372 2728 5453 praecisa
2780 5370 3026 5432 ratione
3069 5367 3383 5430 inferioris

1812 5461 2224 5541 adorationis,
2261 5482 2386 5525 non
2435 5464 2682 5545 attingit
2729 5462 3052 5541 exemplar
3099 5462 3162 5522 in
3207 5466 3381 5523 recto
