3892 6167
1409 353 1732 408 Dispurar.
1763 353 1890 408 xm.
1924 353 2097 408 SBCT.
2131 356 2195 410 u.

154 445 228 508 id
261 451 398 521 est,
433 447 786 511 secundam
814 465 926 528 pro
953 449 1182 530 prima,
1207 455 1280 514 nt
1303 450 1439 533 ipse
1469 453 1746 533 exponit.

153 541 242 602 Et
283 541 542 604 ibidem
587 543 932 623 Chrysost„
983 544 1154 610 hom.
1191 549 1306 622 13,
1345 547 1414 608 in
1458 547 1753 610 eumdem

153 653 452 698 sensum
499 639 755 718 exponit
799 641 1128 718 sequentia
1163 641 1358 704 verba
1387 661 1403 703 t
1438 641 1662 708 Gratia
1696 647 1756 706 st

151 732 418 793 ceritas
439 749 552 812 por
585 733 640 795 J
640 751 804 796 esum
835 733 1148 799 christum
1181 739 1352 813 sacta
1378 741 1468 801 est
1483 783 1505 814 ,
1537 736 1755 800 dicens

151 825 364 887 illum
395 843 537 888 esse
557 825 798 890 fontem
825 830 1166 908 gratiarum
1195 831 1500 894 omnium.
1524 833 1612 894 Ac
1641 831 1754 893 de-

149 919 380 997 nique
409 920 666 982 Hieron.
697 921 764 981 in
799 922 1092 984 eumdem
1127 941 1384 986 sensum
1423 931 1652 988 tractat
1681 925 1753 986 il·

147 1012 286 1073 lud
315 1013 472 1074 lsai.
517 1015 638 1076 53:
669 1013 752 1078 Si
774 1017 1046 1095 posuerit
1074 1035 1188 1100 pro
1212 1023 1454 1098 peccato
1479 1019 1748 1082 animam

149 1123 386 1182 nm,
403 1109 632 1173 videbit
653 1127 848 1174 semen
873 1111 1227 1194 lonqoevsm,
1252 1119 1308 1177 et
1319 1115 1601 1178 voluntas
1623 1114 1750 1176 Do-

149 1201 336 1264 mini
368 1203 440 1264 in
465 1219 652 1268 manu
679 1205 814 1284 ejus
837 1205 1168 1285 dirivetur,
1197 1209 1268 1271 id
1285 1215 1397 1284 est,
1426 1207 1650 1286 inquit,
1679 1213 1752 1272 ut

151 1296 484 1375 quidquid
509 1298 674 1362 Dm
703 1297 1023 1381 disposuit,
1057 1301 1232 1365 iliius
1272 1303 1606 1366 virtutibus
1633 1305 1751 1366 im·

145 1389 426 1468 plentur
443 1413 474 1461 ;
500 1391 670 1470 quod
704 1393 970 1455 verbum
1010 1400 1106 1456 est
1141 1395 1326 1458 valde
1369 1396 1744 1474 notandum,

149 1482 470 1545 dissolvit
510 1485 678 1546 enim
705 1487 1116 1551 fundamenta
1142 1490 1468 1552 contrariae
1496 1496 1745 1553 senten-

153 1577 302 1648 tiss,
337 1580 408 1638 et
433 1577 668 1640 indicat
695 1587 998 1660 punctum
1035 1589 1098 1644 et
1143 1585 1534 1646 occasionem
1565 1585 1746 1647 dece-

153 1670 418 1747 ptionis
443 1672 602 1750 ejus.

253 1765 320 1825 5.
355 1765 646 1827 Secundo
669 1768 972 1846 probatur
1013 1771 1238 1834 eadem
1271 1773 1588 1836 conclusio
1615 1777 1746 1837 tes-

157 1857 460 1919 timoniis
485 1858 902 1922 Couciliorum
923 1869 988 1924 et
1001 1863 1266 1928 aliorum
1297 1867 1572 1940 Petrum,
1589 1884 1746 1947 proe·

159 1953 402 2013 sertim
453 1954 783 2033 Augustini
804 1970 827 2033 3
859 1957 1201 2020 Concilium
1244 1961 1412 2021 enim
1458 1959 1740 2034 Milevit„

157 2062 226 2105 c.
261 2046 302 2104 3
333 2051 402 2105 et
425 2048 491 2120 4,
508 2052 572 2108 et
597 2047 830 2110 Concil.
859 2050 1138 2113 Arausio.
1166 2054 1244 2128 11,
1276 2071 1331 2115 c.
1363 2056 1425 2128 5,
1455 2055 1520 2130 6,
1545 2055 1608 2131 7,
1633 2057 1734 2128 ⁴9,

157 2139 276 2209 ⁴22,
314 2142 432 2214 243
459 2141 672 2204 Iun-oc.
699 2143 746 2218 Ι,
765 2145 1066 2226 rescripto
1091 2145 1174 2208 ad
1193 2145 1424 2210 Concil.
1447 2147 1732 2224 Milevit„

163 2231 356 2308 quod
383 2241 479 2294 est
509 2233 689 2313 epist.
726 2239 806 2297 26
838 2238 1146 2318 ejusdem,
1175 2247 1238 2302 et
1264 2241 1344 2304 93
1379 2241 1544 2302 inter
1571 2241 1738 2322 epis-

161 2323 346 2384 telas
371 2327 744 2405 Augustini3
776 2337 840 2392 et
867 2332 1236 2395 Caelestinus
1267 2335 1454 2416 Papa,
1489 2335 1666 2415 epist.
1699 2339 1729 2398 1

165 2416 260 2478 ad
287 2417 582 2498 Episcop.
609 2421 848 2500 Galliae,
877 2425 1212 2505 loquentes
1253 2429 1334 2490 de
1381 2429 1582 2510 gratia
1629 2429 1740 2490 Dei

169 2512 544 2574 necessaria
580 2516 662 2577 ad
701 2518 990 2595 salutem,
1022 2527 1083 2583 et
1111 2522 1194 2582 ad
1243 2538 1436 2602 opera
1464 2523 1734 2603 pietatis,

171 2604 300 2663 sub
361 2621 490 2682 qna
549 2609 874 2673 evidenter
925 2615 1470 2695 comprehendunt
1524 2615 1736 2678 omnia

175 2696 416 2758 auxilia
439 2701 770 2765 excitantia
788 2711 852 2767 et
873 2706 1259 2787 adjuvantia,
1277 2715 1340 2772 et
1353 2709 1736 2781 vocationes,

177 2796 242 2850 et
289 2789 732 2871 dispositiones
751 2843 768 2873 ,
815 2806 1118 2864 remotam
1171 2805 1236 2864 et
1282 2803 1610 2876 ultimam3
1645 2804 1740 2863 lo-

174 2891 472 2962 quentes,
501 2887 786 2968 inquam,
809 2891 890 2955 de
910 2893 1032 2956 hac
1063 2895 1266 2975 gratia
1288 2895 1424 2971 Dei,
1447 2895 1738 2958 eamdem

175 2983 408 3040 vocant
435 2983 699 3059 gratiam
721 2986 961 3062 Christi,
989 2989 1138 3067 quia
1155 3007 1271 3070 per
1294 2988 1604 3050 Christum
1625 2989 1735 3050 da-

177 3076 302 3146 tur,
333 3079 398 3134 et
423 3076 688 3152 perinde
729 3081 1083 3144 existimant
1129 3099 1292 3159 esse,
1333 3082 1564 3159 dicere,
1599 3099 1738 3159 gra-

177 3163 330 3224 tiam
369 3167 510 3241 Dei,
549 3176 615 3232 et
661 3175 926 3251 gratiam
979 3177 1226 3252 Christi,
1262 3193 1402 3238 esse
1443 3193 1740 3238 necessa-

177 3257 340 3320 riam
363 3259 447 3320 ad
462 3262 596 3324 haec
619 3267 932 3330 omnia.1n
957 3287 1084 3348 quo
1105 3269 1326 3332 imitati
1356 3276 1503 3332 sunt
1531 3269 1594 3330 hi
1621 3271 1738 3330 Pa·-

183 3355 310 3412 tres
341 3353 784 3436 Augustinum,
806 3362 848 3422 l.
879 3361 959 3424 de
989 3363 1287 3424 Praedest.
1316 3365 1552 3440 sanct„
1583 3381 1640 3426 c.
1669 3365 1734 3440 9,

182 3444 286 3510 ubi
315 3448 566 3510 initium
585 3451 842 3529 justitias
855 3455 1074 3517 tribuit
1096 3457 1310 3536 gratioe
1338 3457 1447 3520 Dei
1481 3461 1544 3517 et
1565 3454 1739 3520 Chri·

185 3542 282 3616 sti,
311 3547 374 3602 et
413 3541 528 3602 lib.
562 3547 592 3604 1
637 3553 853 3610 contra
897 3547 1058 3610 duas
1109 3549 1404 3630 epistolas
1457 3549 1740 3630 Pelagia-

187 3651 345 3708 nor.‚
377 3651 436 3696 c.
465 3637 530 3712 9,
571 3638 794 3702 eodem
821 3657 1013 3703 sensu
1039 3642 1332 3721 affirmat,
1372 3647 1566 3703 totam
1595 3659 1738 3722 gra·

189 3727 330 3788 tiam
361 3730 473 3792 Dei
505 3747 622 3811 per
649 3730 960 3796 Christum
990 3735 1162 3810 dari3
1197 3741 1262 3797 et
1291 3735 1520 3797 similia
1546 3735 1740 3796 habet

159 3823 366 3908 epist.
416 3827 554 3887 106.
585 3827 866 3907 Denique
893 3829 1142 3891 videtur
1161 3831 1295 3910 jam
1327 3830 1460 3892 haec
1490 3845 1741 3910 expres·-

189 3933 252 3974 sa
285 3915 568 3979 definitio
603 3917 856 3984 Concilli
884 3923 1188 3999 Trident„
1215 3941 1370 3985 sess.
1403 3925 1465 3998 6,
1499 3939 1636 4002 cap.
1675 3925 1737 3998 ὅ,

189 4009 292 4070 ubi
323 4011 414 4071 sic
443 4011 683 4090 inquit:
718 4015 1004 4081 Declarac
1024 4023 1345 4098 praeterea,
1373 4017 1572 4098 ipsius
1601 4018 1741 4096 jue·

188 4103 534 4182 tificationis
585 4109 898 4172 aem-dium
943 4111 1014 4172 in
1063 4110 1296 4174 adultis
1321 4156 1336 4183 ,
1380 4129 1418 4174 a
1473 4111 1590 4174 Dei
1635 4125 1746 4190 per

197 4195 506 4260 Christum
558 4201 610 4262 J
612 4220 774 4264 esum
809 4205 1211 4282 praeveniente
1255 4202 1464 4284 qratia
1511 4220 1746 4267 summ-

193 4295 328 4353 dxm
375 4309 525 4365 osce,
563 4295 672 4358 hoo
700 4297 919 4372 estsab
964 4297 1098 4376 ejus
1135 4299 1465 4372 vocatione,
1503 4303 1624 4360 etc.
1669 4297 1744 4358 Et

197 4385 600 4449 confirmatur
621 4407 697 4450 ex
721 4407 840 4450 usu
856 4396 920 4452 et
945 4389 1398 4453 consuetudine
1428 4389 1740 4464 Ecclesiae,

198 4497 332 4559 quat
383 4495 635 4543 omnem
682 4483 946 4564 gratiam
992 4484 1184 4546 etiam
1232 4483 1743 4564 praevenientem,

199 4581 260 4635 et
286 4573 759 4638 conversionem
776 4578 982 4658 ipsam
1011 4595 1120 4639 seu
1152 4578 1546 4640 vocationem
1573 4576 1655 4638 ad
1679 4575 1751 4638 fl-

203 4668 358 4741 dem,
389 4670 662 4747 postulat
685 4687 802 4750 per
825 4671 1042 4734 Jesum
1071 4671 1382 4735 Christum
1411 4671 1750 4732 Dominum

203 4769 484 4822 nostrum
509 4779 525 4835 ς
552 4781 886 4842 persuasa,
944 4765 1158 4826 omnia
1193 4765 1333 4826 haec
1365 4763 1574 4826 danda
1615 4780 1753 4826 esse

206 4857 378 4918 nobis
416 4875 534 4936 per
570 4857 901 4937 Christum,
951 4863 1072 4922 hoc
1125 4868 1242 4937 est,
1291 4876 1406 4940 per
1457 4859 1752 4921 meritum

209 4951 356 5027 ejus.
391 4951 568 5014 Unde
615 4952 937 5031 eleganter
965 4955 1374 5034 Augustinus,
1410 4957 1684 5014 enarrat.
1716 4954 1749 5014 l

211 5043 268 5101 in
293 5043 517 5105 Psalm.
552 5046 668 5108 108
689 5067 706 5107 τ
731 5044 968 5122 oratic,
995 5047 1228 5126 inquit,
1254 5065 1384 5128 φαα-
1414 5061 1534 5108 non
1558 5047 1636 5123 fit
1651 5061 1760 5124 por

215 5135 543 5208 Christum,
573 5153 696 5200 non
719 5141 914 5203 solum
953 5155 1074 5202 non
1100 5145 1300 5222 potest
1339 5139 1528 5202 delore
1561 5153 1762 5218 pecca-

215 5235 354 5303 tum,
388 5229 494 5293 sed
515 5231 699 5293 etiam
723 5231 866 5311 ipsa
899 5233 976 5306 fit
1021 5234 1090 5295 in
1132 5238 1442 5312 peccatum
1464 5253 1491 5304 ,·
1519 5237 1582 5293 et
1605 5231 1763 5290 Ber-

219 5321 410 5396 nard.,
439 5339 627 5384 serm.
662 5327 738 5384 13
767 5325 830 5384 in
861 5324 1063 5388 Cant-‚z
1099 5325 1406 5406 Quidquid
1424 5321 1758 5402 sapientia,

221 5417 498 5495 quidquid
521 5415 778 5480 virtutis
800 5424 856 5480 to
880 5420 1088 5482 habero
1115 5419 1386 5496 confidis,
1416 5417 1534 5479 Dei
1569 5415 1764 5477 virtu·

224 5510 288 5582 ti,
318 5511 428 5572 Dei
455 5511 778 5592 sapientia·
806 5555 821 5587 ,
855 5513 1076 5592 deputa
1111 5511 1590 5592 Christano-1⁹90
1625 5511 1766 5586 fon-

3274 358 3393 422 357

1831 452 1989 516 tim
2014 459 2071 516 et
2092 451 2419 533 fluminum
2444 469 2611 518 maro
2632 459 2745 530 ost,
2768 453 3073 522 virtutum
3108 463 3167 524 et
3203 461 3395 526 *σίων

1833 546 2067 610 &ianam
2100 547 2397 612 Dominus
2432 547 2619 610 Jms
2656 547 2967 614 Clarium.

1917 640 1978 700 6.
2023 639 2252 714 Tertio,
2285 645 2355 702 ut
2397 641 2519 702 hoc
2568 641 2815 705 ratione
2855 643 3253 718 ostendatur,
3308 647 3393 712 si·

1835 732 2093 812 mulque
2140 733 2627 796 fundamentum
2679 738 3011 798 contrariis
3066 741 3393 804 sententio

1833 825 2221 900 destruatur,
2250 825 2732 907 distinguendus
2759 831 2950 892 estin
2984 833 3278 910 operibus
3302 833 3392 896 di·

1829 919 1991 984 vium
2016 921 2237 1002 gratita
2262 921 2419 984 ordo
2458 923 2827 984 intentionis
2879 926 2963 988 ab
2991 925 3211 989 ordine
3242 945 3393 992 exe-

1829 1014 2123 1093 cutionis,
2155 1021 2443 1096 utsupra
2482 1015 2611 1078 late
2640 1016 3076 1096 explicuimus,
3106 1037 3169 1099 q.
3221 1025 3282 1095 1,
3322 1041 3385 1084 a.

1829 1111 1868 1172 3
1901 1129 1918 1182 ;
1947 1111 2235 1188 quamvis
2264 1129 2414 1191 ergo
2443 1128 2667 1174 verum
2705 1112 2806 1188 sit,
2866 1122 2941 1176 ut
2992 1106 3157 1178 iufra
3198 1115 3389 1180 latius

1827 1203 2256 1281 tractabimus,
2279 1205 2487 1268 Deum
2514 1205 2781 1286 elegisse
2838 1205 2917 1270 ad
2965 1207 3253 1288 gloriam,
3285 1209 3389 1272 vel
3462 1275 3470 1285 ,

1830 1297 2120 1376 gratiam,
2143 1298 2241 1360 vel
2269 1297 2485 1374 fidem,
2515 1298 2632 1362 bos
2655 1299 2943 1362 homines
2970 1303 3175 1380 potius
3196 1317 3388 1382 quam

1828 1390 1993 1467 illos,
2018 1409 2096 1452 ex
2132 1391 2265 1452 sola
2296 1409 2411 1452 sua
2460 1391 2806 1464 voluntate,
2846 1399 2913 1456 et
2938 1411 3071 1455 non
3126 1401 3389 1475 propter

1827 1483 2053 1544 merita
2092 1483 2317 1546 Christi
2346 1527 2369 1559 ,
2412 1483 2821 1548 nihilominus
2860 1486 3055 1548 voluit
3100 1488 3389 1550 conferre

1825 1576 1946 1638 illis
1980 1576 2273 1639 omnibus
2296 1580 2655 1640 necessaria
2680 1579 2889 1640 media
2912 1585 2977 1642 et
3008 1579 3383 1658 infallibilia,

1823 1687 1941 1750 per
1966 1689 2109 1750 quae
2134 1671 2403 1752 gratiam
2428 1671 2531 1734 vel
2550 1671 2817 1751 gloriam
2851 1681 3389 1752 consequerentur

1825 1781 1940 1844 per
1978 1765 2183 1844 ipsum
2226 1763 2563 1826 Christum.
2608 1764 2787 1838 Quod
2820 1763 3150 1828 evidenter
3198 1765 3387 1830 docet

1825 1857 2059 1918 Paulus
2092 1857 2248 1920 locis
2297 1857 2529 1934 citatis,
2582 1861 2645 1920 et
2692 1859 3100 1922 ostendemus
3154 1859 3387 1922 iterum

1825 1952 2107 2028 iuferius,
2140 1969 2283 2013 cum
2322 1951 2777 2032 explicabimus
2823 1970 2949 2032 quo
2979 1953 3169 2016 modo
3218 1971 3385 2035 proe-

1823 2044 2156 2108 destinatio
2208 2049 2422 2107 nostra
2471 2045 2551 2108 sit
2592 2063 2671 2106 ex
2718 2046 2955 2108 meritis
3005 2047 3251 2110 Christi.
3308 2049 3385 2112 Et

1818 2139 1989 2218 quod
2018 2157 2145 2200 non
2174 2145 2507 2220 repugnet,
2552 2155 2669 2218 per
2694 2156 2765 2202 se
2814 2139 3217 2203 manifestum
3260 2148 3377 2218 est,

1819 2233 1989 2310 quia,
2004 2233 2259 2294 sicutDe
2266 2250 2337 2293 us
2366 2231 2559 2312 elegit
2568 2231 2763 2294 Jacob
2780 2233 2991 2312 potius
3004 2251 3199 2312 quam
3213 2235 3383 2296 Esau

1820 2326 1901 2387 ad
1921 2325 2207 2404 gloriam,
2224 2325 2359 2386 sine
2384 2325 2625 2388 meritis
2641 2327 2861 2401 Jacob,
2892 2331 2957 2388 et
2970 2327 3381 2390 nihilominus

1818 2419 2017 2482 voluit
2052 2425 2125 2480 nt
2154 2418 2349 2480 Jacob
2385 2435 2517 2480 non
2569 2423 3065 2499 consequeretur
3110 2420 3377 2500 gloriam

1819 2513 1957 2574 sine
1980 2513 2242 2587 meritis,
2278 2511 2365 2573 ita
2383 2517 2585 2591 potest
2606 2512 2837 2592 eligere
2863 2514 3033 2575 hunc
3056 2513 3379 2576 bominem

1815 2606 2233 2687 potiusquam
2260 2605 2437 2666 illum
2462 2604 2547 2666 ad
2572 2605 2865 2686 gloriam,
2888 2613 2953 2670 et
2978 2623 3379 2686 consequen-

1819 2706 1918 2762 ter
1941 2699 2027 2762 ad
2052 2698 2261 2762 omnia
2276 2716 2419 2779 quae
2436 2701 2795 2762 necessaria
2810 2700 3055 2763 suntad
3080 2700 3373 2781 gloriam,

1821 2796 1959 2855 sine
1986 2794 2227 2856 meritis
2250 2793 2494 2869 Christi,
2526 2799 2591 2856 et
2616 2794 3022 2856 nihilominus
3072 2811 3202 2858 non
3229 2811 3377 2858 con-

1815 2885 1981 2949 ferre
2018 2887 2108 2948 illi
2138 2887 2393 2966 aliquod
2426 2886 2733 2964 medium,
2768 2905 2881 2950 seu
2908 2887 3188 2966 aliquam
3232 2905 3377 2968 gra-

1815 2981 1970 3044 tiam
1998 2999 2123 3061 qua
2174 2981 2527 3061 disponitur
2560 2980 2643 3044 ad
2684 2980 3191 3062 consequendam
3241 2982 3373 3062 glo-

1817 3076 1999 3151 riam,
2024 3075 2149 3135 nisi
2162 3079 2415 3156 propter
2442 3075 2667 3136 merita
2682 3075 2929 3137 Christi.
2949 3076 3127 3148 Quod
3156 3082 3373 3138 autem

1817 3167 1906 3228 ita
1929 3167 2165 3229 factum
2194 3165 2293 3242 sit,
2350 3166 2673 3247 probatur,
2702 3169 2851 3248 quia
2904 3175 3053 3230 ante
3118 3185 3375 3232 omnem

1817 3260 1985 3322 hanc
2039 3261 2304 3340 gratiam
2355 3261 2841 3341 pravenientem
2882 3269 2949 3323 et
3000 3262 3375 3325 excitantem

1819 3356 2111 3418 collatam
2125 3354 2481 3416 bominibus
2498 3355 2836 3417 antecessit
2856 3357 3150 3417 meritum
3172 3355 3377 3418 Chris·

1815 3449 1886 3523 ti,
1919 3449 2022 3509 vel
2051 3449 2117 3508 in
2134 3447 2393 3527 reipsa,
2424 3447 2527 3510 vel
2554 3449 2621 3509 iu
2643 3447 3019 3528 praevisione
3042 3447 3273 3524 divina,
3300 3453 3377 3510 ut

1821 3544 2095 3604 sectione
2125 3541 2505 3622 proecedenti
2530 3540 2909 3620 explicatum
2938 3548 3032 3605 est
3056 3557 3077 3620 3
3106 3547 3171 3603 et
3190 3541 3377 3604 meri-

1821 3643 1961 3699 tum
1982 3635 2207 3698 Christi
2220 3635 2477 3714 dignum
2492 3635 2769 3697 estomni
2790 3636 3045 3714 praemio
3056 3635 3379 3714 hujusmo-

1821 3729 1907 3802 di,
1925 3727 2053 3789 imo
2080 3733 2177 3790 est
2196 3728 2318 3808 maj
2326 3745 2411 3788 us·
2426 3733 2487 3790 et
2503 3727 2903 3790 excellentius
2921 3728 3061 3801 illo;
3084 3733 3145 3790 et
3164 3729 3271 3805 huj
3280 3745 3379 3788 us·

1821 3823 1995 3883 modi
2020 3823 2181 3884 ratio
2206 3821 2615 3902 providentias
2638 3821 2977 3900 perfectior
3002 3825 3117 3894 est,
3157 3827 3221 3883 et
3249 3837 3381 3884 ma·

1824 3916 1920 3996 gis
1947 3920 2375 3976 consentanea
2404 3913 2632 3975 divinis
2664 3913 3008 3993 sapientise,
3040 3920 3107 3974 ct
3132 3912 3297 3974 cedit
3314 3912 3382 3974 in

1823 4010 2131 4089 majorem
2160 4009 2501 4088 quamdam
2525 4007 2895 4087 dignitatem
2922 4007 3115 4087 ipsius
3132 4005 3381 4083 Christi,

1827 4109 1890 4165 et
1918 4103 2111 4164 totius
2138 4102 2432 4161 humanm
2474 4106 2753 4172 naturas:
2820 4119 2995 4180 ergo.
3051 4101 3126 4162 Et
3154 4099 3387 4162 confir-

1826 4200 2061 4269 matur,
2086 4193 2237 4272 quia
2264 4195 2385 4256 hoc
2412 4192 2678 4273 pertinet
2705 4191 2789 4254 ad
2810 4191 3157 4272 perfectam
3182 4191 3387 4254 Chris·

1821 4288 1870 4350 ti
1899 4288 2434 4368 redemptionem3
2462 4287 2517 4348 si
2554 4286 2723 4348 enim
2760 4303 2893 4348 non
2919 4287 3254 4348 meruisset
3271 4303 3388 4348 no-

1823 4381 1922 4443 bis
1941 4399 2162 4444 omnes
2176 4383 2293 4442 has
2309 4381 2565 4462 gratias,
2594 4397 2726 4442 non
2752 4381 3089 4442 meruisset
3110 4378 3389 4460 perfecte

1823 4475 2335 4557 justificationem
2362 4480 2669 4550 nostram,
2710 4491 2829 4536 nec
2870 4475 3135 4552 gratiam
3162 4489 3390 4536 neces-

1831 4569 2061 4631 sariam
2092 4568 2171 4629 ad
2200 4566 2715 4646 consequendam
2738 4566 3053 4646 justitiam
3082 4571 3146 4628 et
3174 4565 3395 4628 remis·

1833 4664 2075 4724 sionem
2106 4661 2371 4742 peccati,
2408 4667 2481 4721 ut
2508 4679 2623 4739 per
2666 4676 2735 4721 se
2788 4665 3057 4734 constat,
3102 4665 3167 4720 et
3192 4657 3395 4738 magis

1831 4775 1912 4819 ex
1947 4755 2359 4835 sequentibus
2372 4754 2634 4834 patebit.
2668 4753 2845 4816 Unde
2866 4752 3275 4814 confirmatur
3299 4767 3400 4814 se·

1837 4849 2043 4914 cundo
2089 4849 2435 4923 conclusio,
2478 4847 2631 4927 quia
2677 4847 2901 4920 Adam,
2930 4844 3102 4926 quod
3148 4845 3215 4908 in
3262 4845 3398 4926 ipso

1835 4945 1979 5018 fuit,
2008 4942 2243 5005 meruit
2276 4941 2463 5002 nobis
2520 4941 2862 5004 carentiam
2900 4939 3107 5002 omnis
3154 4940 3397 5020 gratiae,

1841 5037 2173 5116 omnisque
2222 5034 2419 5098 divini
2465 5033 2679 5096 auxilii
2707 5055 2726 5108 3
2782 5050 2935 5112 ergo
2990 5033 3292 5109 Christus,
3334 5037 3404 5094 ut

1843 5129 2325 5213 perfectissimus
2362 5127 2747 5208 redemptor,
2796 5125 2935 5188 haec
2963 5127 3175 5187 omnia
3219 5125 3403 5187 nobis

1841 5223 2208 5305 promeruit,
2239 5222 2391 5300 quia
2414 5235 2543 5282 non
2568 5217 3061 5292 sicutdelictum,
3086 5219 3174 5280 ita
3204 5224 3269 5279 et
3296 5217 3406 5282 do-

1843 5335 2019 5392 num,
2054 5317 2161 5378 sed
2188 5318 2375 5395 longe
2404 5314 2743 5388 efficacius,
2788 5321 2853 5374 et
2890 5314 2957 5375 in
3012 5329 3129 5374 suo
3170 5327 3405 5390 genere

1846 5410 2275 5472 excellentius.

1925 5508 1989 5565 ’1.
2035 5502 2373 5582 Raeepomio
2426 5499 2933 5566 adversm-iorum.
2971 5527 3051 5546 --
3078 5497 3158 5560 Et
3180 5514 3259 5560 ex
3289 5496 3409 5559 hac
