3892 6167
582 306 701 367 552

582 436 645 497 p.
690 421 762 495 3,
806 436 871 500 q.
912 423 974 496 5,
1022 414 1257 479 memb.
1302 416 1385 493 2,
1430 433 1489 479 a.
1534 419 1597 491 1,
1640 414 1679 495 ἐ
1720 416 1785 489 3,
1825 420 1890 475 et
1926 432 1990 493 q.
2023 414 2140 488 66,

586 512 817 577 memb.
845 517 911 588 ις
944 509 1255 587 Altisiod.,
1286 512 1324 573 3
1350 528 1413 589 p.
1444 510 1649 583 Sum„
1674 513 1856 571 tract.
1888 508 1951 583 8,
1977 525 2032 571 c.
2061 506 2142 571 de

584 605 833 669 Timore
875 606 963 671 fil.
995 654 1009 681 ,
1055 624 1117 686 q.
1174 606 1250 679 33
1300 611 1363 668 et
1404 603 1669 667 sumitur
1706 620 1785 665 ex
1824 602 2086 681 August.
2115 646 2136 677 ,

579 704 757 763 tract.
779 702 936 765 85in
959 702 1171 773 Joan„
1187 703 1437 761 ettract.
1468 698 1509 761 9
1531 697 1597 759 in
1617 699 1647 758 1
1666 696 1903 759 Canon.
1918 696 2106 759 Joan.
2115 715 2134 770 3

582 799 643 856 et
674 811 753 855 ex
778 794 993 873 Greg.,
1036 796 1109 857 Π
1134 791 1355 857 Moral.
1382 836 1399 864 ,
1432 809 1487 855 c.
1521 792 1619 866 15,
1648 795 1711 853 et
1744 808 1825 853 ex
1856 788 1992 853 aliis
2024 786 2142 851 Pa-

580 886 781 949 tribus
803 905 1017 967 supra,
1048 905 1111 967 q.
1144 890 1203 961 7,
1238 884 1461 949 citatis.

658 982 759 1043 21.
806 982 1036 1043 Praeter
1060 982 1179 1043 hos
1220 985 1399 1042 actus
1438 986 1645 1059 potest
1674 976 1939 1057 intelligi
1977 976 2138 1039 alius

576 1072 639 1132 in
672 1072 1021 1147 voluntate,
1052 1090 1179 1153 quo
1223 1072 1413 1135 homo
1438 1072 1571 1135 vult
1606 1071 1861 1135 subesse
1886 1071 2043 1144 Deo,
2073 1076 2135 1133 et

572 1166 919 1246 complacet
952 1165 1023 1227 in
1069 1167 1191 1229 hoc
1234 1164 1405 1245 quod
1452 1170 1547 1228 est
1593 1182 1731 1229 esse
1780 1164 2135 1244 subjectum

570 1259 725 1335 Deo,
778 1267 845 1321 et
894 1259 1131 1322 habere
1176 1260 1385 1341 ipsum
1423 1267 1497 1323 ut
1538 1276 1905 1341 supremum
1932 1257 2136 1320 domi-

568 1368 744 1413 num.
797 1352 911 1429 Qui
948 1359 1147 1429 actus,-
1186 1352 1533 1417 secundum
1575 1351 1823 1415 diversa
1868 1350 2130 1427 motiva,

570 1450 770 1523 potest
812 1446 895 1509 ad
936 1446 1213 1509 diversas
1254 1447 1518 1509 virtutes
1567 1447 1923 1527 pertinere;
1955 1463 2128 1521 nam,

570 1536 623 1599 si
652 1539 941 1618 respiciat
985 1540 1159 1603 illam
1202 1540 1659 1620 subjectionem
1690 1540 1757 1602 in
1786 1538 2006 1601 ordine
2049 1539 2130 1601 ad

564 1632 957 1697 reddendum
982 1637 1115 1699 Deo
1134 1636 1507 1699 obedientiae
1533 1635 1841 1709 debitum,
1876 1634 1996 1697 erit
2023 1652 2130 1697 ac·-

569 1734 670 1788 tus
720 1728 1128 1808 obedientiae3
1162 1731 1213 1791 si
1255 1746 1407 1793 vero
1452 1728 1741 1811 respiciat
1770 1728 1942 1791 illam
1977 1729 2126 1791 sub-

560 1823 905 1901 Jectionem
932 1832 1002 1889 ut
1028 1827 1509 1889 convenientem
1536 1842 1652 1885 suo
1674 1824 1863 1887 statui
1889 1830 1952 1886 et
1977 1842 2125 1885 con·

566 1917 783 1981 ditioni
810 1968 825 1993 ‚
860 1938 973 1982 sen
1020 1920 1370 1994 humilitati,
1406 1919 1497 1981 sic
1524 1919 1645 1981 erit
1670 1924 1847 1981 actus
1873 1918 2124 1979 humili-

566 2012 730 2087 tatis,
774 2030 914 2091 quae
954 2014 1319 2077 moderatur
1360 2012 1657 2075 affectum
1697 2011 2082 2075 excellentiae
2103 2058 2122 2087 ,

566 2110 629 2165 et
652 2106 930 2168 continet
966 2106 1311 2183 hominem,
1338 2112 1409 2168 ut
1448 2106 1515 2169 in
1554 2105 1757 2186 gradu
1778 2122 1891 2167 suo
1920 2106 2120 2181 sistat,

564 2203 630 2259 et
681 2198 1185 2263 excellentiorem
1224 2206 1291 2263 et
1336 2198 1647 2277 majorem
1692 2216 1821 2261 non
1871 2204 2126 2279 appetat

564 2291 940 2355 inordinate.
972 2293 1035 2356 Si
1070 2310 1220 2355 vero
1244 2292 1463 2356 tendat
1488 2292 1555 2355 in
1582 2291 1757 2355 illam
1776 2290 2124 2373 subjectio-

564 2402 711 2446 nem
730 2430 745 2457 ,
778 2392 843 2447 ut
873 2404 941 2448 se
970 2392 1175 2449 totum
1212 2391 1535 2449 consecret
1576 2384 1787 2449 divino
1816 2385 2122 2465 obsequio

562 2481 625 2538 et
660 2478 877 2556 cultui,
900 2480 989 2542 sic
1012 2486 1109 2543 est
1128 2487 1306 2544 actus
1331 2480 1573 2543 elicitus
1595 2498 1633 2541 a
1651 2480 1993 2559 religion03
2017 2478 2123 2541 hic

565 2577 661 2633 est
676 2573 846 2637 enim
866 2575 1155 2655 proprius
1184 2581 1359 2637 actus
1385 2572 1757 2649 devotionis,
1775 2578 1845 2635 ut
1862 2574 1933 2635 D.
1957 2574 2124 2635 Tho-

562 2682 699 2727 mas
718 2665 923 2740 docet,
947 2668 1007 2729 2.
1042 2670 1105 2744 2,
1129 2685 1191 2745 q.
1216 2669 1317 2739 82,
1346 2674 1463 2729 art.
1499 2670 1529 2728 1
1566 2671 1628 2727 et
1652 2669 1715 2741 2,
1740 2666 1851 2727 ubi
1878 2666 1990 2741 ait,
2013 2666 2124 2729 de-

560 2761 879 2821 votionem
927 2777 1066 2823 esse
1108 2760 1443 2841 specialem
1484 2765 1691 2821 actum
1741 2758 2118 2831 voluntatis,

560 2867 687 2929 quo
726 2851 917 2916 homo
960 2872 1029 2917 se
1066 2855 1196 2917 Deo
1227 2853 1523 2927 devovet,
1565 2858 1635 2913 ut
1663 2852 1719 2913 ei
1752 2870 1821 2914 se
1852 2852 2124 2915 totaliter

560 2943 814 3022 subdat,
844 2952 907 3009 et
946 2946 1155 3010 tradat
1176 2947 1261 3008 ad
1286 2965 1362 3009 ea
1392 2963 1534 3026 quse
1563 2945 1879 3026 pertinent
1904 2944 1986 3006 ad
2009 2944 2120 3007 Dei

556 3038 966 3113 famulatum,
996 3040 1169 3121 quod
1207 3040 1290 3101 ad
1328 3039 1699 3119 religionem
1730 3038 2020 3118 pertinet.
2053 3038 2118 3101 Si

557 3148 705 3193 vero
730 3130 909 3194 sistat
935 3133 999 3196 in
1028 3151 1183 3213 pura
1205 3132 1468 3213 simplici
1496 3132 1956 3209 complacentia
1987 3148 2119 3192 ser-

555 3224 769 3287 vitutis
796 3238 861 3287 et
886 3225 1292 3306 subjectionis
1320 3225 1403 3289 ad
1430 3226 1655 3299 Deum,
1680 3230 1775 3287 est
1804 3224 1990 3286 etism
2011 3242 2117 3287 ac-

558 3324 659 3379 tus
684 3318 1009 3397 religionis
1032 3364 1049 3394 ‚
1093 3320 1201 3399 qui
1240 3318 1323 3381 ad
1350 3317 1744 3381 devotionem
1770 3317 2109 3381 reducitur.

555 3409 711 3473 Cum
736 3411 907 3476 enim
928 3411 1121 3475 homo
1149 3430 1297 3475 vere
1322 3412 1403 3474 sit
1426 3428 1647 3475 servus
1660 3410 1798 3487 Dci,
1816 3410 1968 3473 dum
1993 3411 2116 3475 hoc

554 3522 773 3569 secum
798 3506 1104 3586 recogitat
1131 3512 1193 3569 et
1222 3503 1875 3587 recognoscit,·potest
1904 3505 1970 3565 in
1993 3503 2114 3567 hoc

554 3596 949 3677 complacere
988 3605 1051 3663 et
1082 3600 1383 3679 gaudere.
1422 3601 1623 3678 Atque
1665 3597 1769 3660 hic
1810 3604 1988 3661 actus
2015 3598 2114 3660 vi·-

550 3689 737 3753 detur
762 3709 899 3755 esse
936 3694 1227 3774 proprius
1260 3698 1439 3755 actus
1472 3691 1669 3755 latrias
1714 3691 1990 3755 maxime
2017 3692 2114 3753 in-

552 3792 783 3860 ternae3
818 3792 881 3849 et
912 3786 1241 3867 posteriori
1266 3778 1457 3849 modo
1486 3790 1827 3865 conceptus
1866 3785 2114 3851 videtur

550 3877 733 3957 quasi
759 3877 1023 3943 affectus
1067 3880 1333 3960 simplex
1386 3880 1699 3943 servitutis
1736 3878 1813 3941 ad
1858 3880 2106 3959 Deum3

548 3970 741 4049 priori
768 3978 984 4035 autem
1010 3972 1199 4035 modo
1228 3979 1326 4036 est
1354 3973 1643 4035 voluntas
1672 3972 1899 4035 efficax
1934 3991 2112 4035 exer·

548 4063 735 4127 cendi
772 4083 962 4146 opera
1006 4066 1171 4134 illius
1220 4066 1533 4131 servitutis
1553 4110 1568 4141 ,
1612 4085 1723 4129 seu
1770 4066 2111 4129 exhibendi

546 4172 684 4219 sese
712 4162 782 4219 ut
800 4158 915 4231 Dei
932 4176 1185 4221 servum
1199 4176 1222 4238 ;
1247 4159 1414 4221 unde
1444 4176 1523 4221 ex
1550 4177 1645 4236 se,
1676 4160 2108 4239 proutdirecte

546 4248 747 4313 tendit
777 4249 845 4311 in
874 4251 999 4315 tale
1038 4252 1379 4333 objectum,
1408 4270 1537 4315 non
1555 4258 1685 4313 tam
1710 4259 1805 4315 est
1824 4253 2108 4317 adoratio

548 4355 743 4419 quam
776 4344 1035 4407 affectus
1068 4344 1450 4409 adorationis
1470 4390 1491 4421 ,
1521 4346 1623 4408 vel
1659 4345 1937 4409 virtualis
1961 4392 1978 4421 ‚
2009 4348 2108 4409 vel

548 4430 857 4509 formalis,
903 4438 1001 4498 vel
1041 4437 1107 4501 in
1150 4439 1442 4519 speciali,
1478 4438 1577 4501 vel
1605 4438 1827 4501 saltem
1852 4440 1972 4501 sub
2001 4459 2109 4521 ge-

546 4526 749 4589 nerali
769 4529 1012 4593 ratione
1043 4529 1233 4596 divini
1263 4532 1623 4607 famulatuS,
1652 4532 1761 4610 qui
1797 4531 2108 4597 adoratio-

548 4636 702 4683 nem
730 4622 925 4687 ‚stiam
954 4625 1463 4705 comprehendit3
1494 4625 1721 4689 sivero
1750 4625 2110 4689 considere-

542 4718 645 4777 tur
663 4714 769 4779 ille
794 4724 971 4781 actus
993 4720 1245 4781 volunta
1256 4720 1349 4795 tis,
1381 4726 1691 4800 quatenus
1713 4718 1980 4799 ipsemet
2002 4740 2107 4783 vo·

542 4804 817 4873 luntarie
845 4818 1191 4887 exercetur,
1214 4819 1278 4875 et
1298 4814 1415 4875 hac
1434 4813 1675 4875 ratione
1706 4813 1768 4873 in
1798 4831 1869 4875 sc
1896 4814 2104 4893 ipsum

540 4900 887 4967 reflectitur
916 4907 1083 4985 (sive
1127 4908 1260 4969 hoec
1308 4906 1567 4969 reflexio
1618 4925 1733 4987 per
1778 4907 2098 4986 eumdem,

539 4992 673 5057 sive
701 5014 815 5076 per
842 4998 1159 5065 diversum
1188 5008 1399 5063 actum
1426 5000 1535 5063 fiat
1556 5046 1572 5075 ,
1602 5001 1689 5062 nil
1720 5002 1889 5063 enim
1930 5020 2102 5065 nunc

534 5086 792 5171 refert),
816 5091 909 5155 sic
938 5092 1039 5156 ille
1061 5102 1263 5169 actus,
1280 5100 1592 5176 quatenus
1621 5096 1709 5159 sic
1742 5096 1962 5159 volitns
1983 5104 2097 5172 est,

530 5185 740 5259 potest
783 5202 999 5251 veram
1052 5190 1360 5251 rationem
1411 5188 1793 5251 adorationis
1835 5190 2096 5267 habere,

530 5288 685 5335 nam
710 5282 916 5357 potest
944 5280 1084 5361 quis
1126 5282 1283 5343 velle
1329 5300 1475 5344 eum
1518 5288 1731 5344 actum
1776 5299 2095 5360 exercere,

1810 308 2046 373 Quaesr.
2081 308 2230 363 xxV.
2267 311 2468 369 Auno.
2503 312 2564 367 ιι.
2613 376 2624 386 ,

2225 414 2418 477 sionis
2445 415 2528 477 ad
2547 414 2744 479 Deum
2756 430 2780 493 ;
2812 421 3002 494 atquc
3029 416 3187 481 adeo
3221 425 3286 481 nt
3305 438 3410 500 pei·
3435 425 3704 506 ipsummet

2226 512 2436 571 actum
2479 510 2682 571 Deum
2725 508 2995 573 honoret
3033 529 3108 575 ac
3145 524 3506 581 revereatur.
3545 526 3704 607 Atque

2220 598 2344 665 hoc
2367 604 2558 667 modo
2600 604 2756 667 dixit
2779 605 2854 667 D.
2896 606 3167 669 Thomas
3194 610 3256 671 2.
3284 613 3344 685 2,
3375 631 3434 693 q.
3473 618 3562 694 84,
3591 628 3702 701 (μς,

2222 696 2607 775 spiritualem
2635 698 3066 763 adorationem
3117 703 3448 767 consistere
3490 710 3546 769 in
3583 713 3700 779 inte.

2203 790 2366 851 ·riori
2394 792 2625 855 mentis
2650 792 3009 868 devotione,
3039 795 3190 873 quia
3218 796 3352 859 haec
3379 800 3704 873 adoratioest

2218 884 2492 947 maxime
2524 885 2774 949 interna
2809 892 2870 949 et
2911 888 3274 967 spiritualis,
3305 897 3370 953 et
3397 893 3472 957 ab
3497 896 3585 959 illa
3609 920 3702 964 om·
3787 850 3789 993 J

2219 976 2318 1037 nis
2348 976 2466 1039 alis
2511 996 2660 1041 vera
2683 978 2969 1041 adoratio
2997 980 3428 1061 proficiscitur.

2295 1072 2398 1135 22.
2435 1072 2666 1141 Ultimo
2685 1118 2701 1147 ,
2749 1091 2826 1137 ex
2869 1073 3052 1137 dictis
3091 1074 3452 1158 intelligitur
3489 1086 3614 1159 quid
3646 1090 3702 1151 de

2215 1164 2618 1244 opinionibus
2651 1167 2718 1227 in
2750 1166 3052 1249 principio
3081 1170 3358 1233 recitatis
3381 1175 3705 1245 sentiendum

2215 1257 2313 1321 sit.
2334 1258 2510 1321 Prior
2533 1260 2706 1321 enim
2721 1261 2933 1340 opinio
2961 1260 3122 1325 falsa
3147 1270 3265 1337 est,
3289 1270 3356 1327 et
3375 1273 3566 1331 contra
3581 1288 3706 1337 com·

2215 1369 2472 1413 munem
2513 1353 2978 1433 Theologorurn
2997 1398 3014 1431 ,
3067 1357 3286 1435 paucis
3326 1361 3591 1440 exceptis,
3627 1369 3704 1445 qui

2214 1445 2478 1507 obscure
2537 1447 2690 1509 satis
2735 1446 2927 1511 locuti
2985 1456 3154 1511 sunt.
3207 1451 3508 1517 Posterior
3540 1466 3702 1525 >autem

2212 1539 2522 1600 sententia
2555 1545 2759 1619 potest
2803 1540 3040 1603 habere
3087 1542 3448 1622 veritatem,
3491 1550 3538 1609 si
3577 1561 3702 1617 recte

2213 1631 2578 1710 explicetur.
2607 1632 2831 1695 Modus
2885 1635 3055 1695 enim
3113 1636 3220 1699 ille
3280 1638 3615 1719 explicandi,
3647 1665 3704 1711 ex

2208 1724 2392 1785 Scoto
2423 1724 2505 1789 ibi
2519 1724 2780 1800 relatus,
2814 1727 3148 1807 ambiguus
3175 1748 3318 1793 esse
3346 1738 3554 1810 potest,
3567 1754 3696 1813 nam,

2207 1818 2262 1878 si
2299 1817 2605 1897 intelligat
2629 1820 2993 1883 interiorem
3025 1830 3240 1885 actum
3272 1824 3463 1889 latriae
3487 1845 3606 1891 esse
3626 1850 3702 1893 ac-
3789 1866 3791 1909 ς

2206 1916 2340 1973 tum
2392 1912 2729 1975 voluntatis
2773 1914 3051 1978 elicitum
3107 1936 3146 1977 a
3195 1918 3514 1997 religione.
3547 1928 3600 1985 et
3629 1924 3704 1987 ha·

2204 2004 2355 2067 herc
2400 2023 2516 2085 pro
2563 2007 2812 2087 objecto
2859 2008 3062 2071 solum
3099 2012 3307 2073 Deum
3349 2018 3420 2073 ut
3453 2030 3700 2079 summum

2205 2098 2466 2173 bonum,
2517 2117 2646 2163 non
2691 2106 2788 2161 est
2834 2120 2985 2163 vera
3021 2104 3364 2181 sententia,
3399 2107 3534 2184 quia
3556 2111 3700 2173 virius

2205 2192 2526 2273 religionis
2553 2214 2667 2274 per
2705 2202 2916 2261 actum
2941 2214 2978 2259 a
3007 2216 3076 2259 se
3109 2197 3390 2261 elicitum
3433 2219 3544 2263 non
3572 2206 3699 2265 attin·

2205 2288 2294 2366 git
2311 2288 2672 2351 immediate
2686 2290 2890 2353 Deum
2913 2291 2978 2351 in
3007 2310 3104 2368 se,
3131 2292 3370 2371 alioqui
3391 2298 3700 2357 essetThco-

2205 2380 2428 2461 legalis
2457 2381 2678 2459 virtus,
2705 2384 2820 2445 sed
2855 2391 3138 2448 versatur
3155 2386 3326 2449 circa
3355 2388 3568 2451 cultum
3591 2391 3696 2459 Dei.

2205 2481 2268 2537 et
2297 2477 2381 2539 ita
2415 2493 2667 2556 semper
2695 2478 2950 2557 respicit
2979 2486 3048 2541 ut
3069 2480 3422 2559 proximam
3443 2484 3696 2545 materiam

2206 2568 2444 2649 aliquid
2460 2577 2764 2643 creatum,
2785 2573 3070 2651 quamvis
3094 2574 3160 2635 in
3183 2573 3408 2639 ordine
3433 2575 3506 2637 ad
3529 2576 3696 2651 Deum,
3791 2648 3793 2661 1

2205 2669 2274 2725 ιιι
2303 2663 2540 2725 notavit
2571 2664 2643 2725 D.
2688 2664 3002 2742 Thomas,
3033 2670 3091 2729 2.
3143 2670 3210 2744 2,
3265 2686 3332 2747 q.
3383 2670 3482 2743 81,
3529 2676 3620 2730 art.
3653 2674 3690 2729 5.
3792 2670 3793 2673 ’

2205 2756 2382 2817 Unde
2399 2762 2577 2819 actus
2599 2756 2730 2831 ille,
2759 2776 2948 2837 quem
2969 2760 3410 2839 ponitScotus,
3431 2778 3543 2841 quo
3559 2762 3695 2825 homo

2204 2849 2268 2909 in
2321 2849 2510 2911 corde
2559 2868 2674 2911 suo
2725 2851 2964 2913 extollit
3005 2852 3286 2917 divinam
3325 2855 3628 2919 honitatem
3652 2865 3696 2919 ut

2205 2960 2541 3021 summam,
2572 2950 2718 3019 etc„
2766 2946 3029 3026 intelligi
3059 2944 3276 3026 'potest
3305 2946 3437 3011 fieri
3466 2968 3565 3028 per
3581 2950 3697 3029 judi-

2200 3036 2390 3113 cium,
2423 3036 2520 3099 vel
2551 3038 3030 3106 aestimationem
3053 3040 3433 3116 intellectus,
3459 3049 3516 3103 et
3545 3042 3615 3105 sie
3633 3051 3696 3104 est

2201 3128 2442 3191 elicitus
2463 3150 2500 3191 a
2529 3131 2673 3208 fide,
2713 3132 2814 3195 vel
2841 3132 2964 3195 alio
2990 3134 3208 3197 habitu
3243 3134 3600 3209 intellectus;
3617 3144 3695 3199 aut

2199 3230 2406 3304 potest
2434 3224 2696 3307 intelligi
2723 3226 2861 3287 fieri
2889 3246 3006 3307 per
3035 3229 3362 3303 affectum,
3393 3248 3500 3291 seu
3533 3248 3694 3308 appre-

2197 3316 2524 3379 tiationem
2543 3320 2902 3398 voluntatis,
2935 3328 2998 3383 et
3027 3322 3116 3385 sie
3135 3322 3414 3402 pertinet
3444 3322 3516 3385 ad
3547 3322 3692 3385 chari·

2196 3417 2388 3474 tatem
2417 3412 2702 3486 elicitive‚
2729 3414 2877 3493 quia
2895 3414 3053 3477 nihil
3079 3415 3256 3477 aliud
3273 3423 3368 3479 cst
3385 3434 3560 3497 quam
3577 3417 3690 3479 velle

2194 3504 2542 3567 bonitatem
2579 3506 2688 3569 Dei
2723 3514 2792 3569 ιιι
2829 3526 3078 3571 summe
3117 3510 3458 3573 amabilem
3499 3516 3694 3591 propter
3793 3564 3795 3573 .

2195 3616 2284 3673 se,
2323 3600 2422 3661 vel
2451 3604 2522 3662 ut
2549 3600 2840 3663 ultimum
2867 3601 3086 3678 finem,
3117 3611 3182 3665 et
3209 3605 3480 3682 primum
3517 3605 3692 3683 princi-

2193 3694 2370 3772 pium
2401 3695 2706 3759 omnium.
2744 3696 2855 3758 Vel
2883 3704 3087 3775 potest
3117 3698 3310 3761 etiam
3341 3699 3620 3778 pertinere
3637 3698 3692 3759 ad
3793 3736 3795 3741 -

2194 3804 2396 3865 spem,
2425 3787 2475 3847 si
2511 3788 2757 3850 honum
2781 3788 2936 3850 illud
2965 3790 3156 3852 homo
3197 3791 3327 3855 sibi
3355 3792 3694 3870 concupiscat

2193 3897 2322 3957 prae
2345 3879 2636 3943 omuibus
2656 3882 2860 3957 honiS,
2887 3890 2948 3945 et
2976 3884 3272 3947 omnibus
3289 3884 3388 3947 his
3405 3884 3584 3947 modis
3599 3902 3692 3947 non

2193 3977 2393 4051 potest
2419 3974 2522 4035 ille
2553 3982 2730 4037 actus
2761 3974 2900 4037 clici
2919 3994 2956 4037 a
2983 3977 3322 4058 religione,
3351 3978 3452 4041 sed
3475 3978 3546 4039 ad
3565 3996 3692 4039 sum-

2193 4083 2366 4125 mum
2395 4066 2714 4145 imperari.
2749 4068 2926 4141 Quod
2957 4071 3008 4131 si
3027 4071 3166 4133 talis
3196 4078 3380 4135 actus
3401 4089 3520 4134 non
3543 4070 3692 4133 sumi-

2194 4163 2317 4235 tur,
2339 4165 2410 4221 ut
2429 4162 2676 4241 attingit
2705 4163 3064 4227 immediate
3093 4170 3156 4227 et
3177 4165 3416 4229 directe
3443 4166 3692 4229 excellen-

2191 4257 2320 4313 tem
2364 4253 2476 4315 Dei
2505 4253 2880 4334 bonitatem,
2910 4276 3098 4339 quam
3153 4260 3350 4322 homo
3375 4260 3588 4341 judicio
3619 4258 3690 4321 vel

2193 4344 2424 4407 affectu
2470 4348 2726 4423 extollit,
2777 4350 2892 4413 sed
2923 4358 2990 4415 ut
3021 4351 3288 4415 ulterius
3339 4352 3596 4433 procedit
3630 4352 3688 4411 ad

2190 4438 2648 4518 subjectionem
2673 4442 2952 4507 hominis
2979 4452 3272 4525 respectu
3315 4446 3448 4520 Dei,
3479 4447 3594 4525 jam
3609 4445 3686 4507 ille

2190 4538 2368 4595 actus
2419 4552 2547 4595 nou
2590 4536 2784 4599 habet
2811 4556 2925 4619 pro
2981 4539 3228 4621 objecto
3265 4541 3464 4603 solum
3497 4541 3681 4604 Deam.

2187 4632 2258 4688 ut
2289 4626 2509 4691 Scotus
2539 4629 2712 4703 dicit,
2739 4631 2852 4693 scd
2877 4633 3120 4712 aliquid
3151 4635 3342 4697 etiam
3371 4640 3617 4697 creatum
3637 4632 3680 4693 in

2189 4720 2407 4783 ordine
2437 4721 2518 4783 ad
2545 4725 2980 4789 excellentiam
3001 4730 3135 4791 Dei.
3161 4729 3224 4793 Si
3242 4748 3394 4793 vero
3415 4728 3680 4791 nonintel·

2185 4814 2336 4893 ligat
2365 4818 2587 4879 Scotus
2619 4818 2788 4881 hunc
2818 4826 3028 4884 actum
3073 4822 3390 4887 interioris
3427 4822 3680 4885 adoratio·

2184 4908 2303 4983 niS,
2335 4926 2460 4989 quo
2503 4912 2692 4975 homo
2742 4914 2810 4975 in
2851 4916 3039 4979 corde
3075 4935 3189 4979 suo
3236 4917 3466 4981 extollit
3491 4919 3676 4985 Deum,

2183 5018 2322 5065 esse
2351 5004 2624 5067 elicitum
2654 5025 2693 5066 a
2721 5008 3048 5089 religione,
3077 5011 3192 5074 sed
3219 5012 3590 5092 imperatum,
3610 5008 3676 5068 sic

2180 5115 2400 5159 verum
2429 5104 2525 5160 est
2549 5099 2982 5164 adorationem
3009 5102 3320 5167 internam
3331 5106 3574 5186 possein
3595 5101 3672 5163 tali

2180 5196 2322 5253 actu
2361 5192 2722 5268 consistere,
2769 5196 3051 5274 quamvis
3093 5216 3222 5261 non
3275 5200 3345 5261 in
3393 5198 3515 5261 solo
3549 5196 3667 5263 ino:

2179 5284 2324 5363 quia
2364 5284 2468 5345 ille
2499 5292 2697 5363 actus,
2725 5306 2850 5367 quo
2899 5288 3086 5353 homo
3127 5292 3362 5355 extollit
3413 5294 3584 5353 Deum
3623 5290 3670 5348 in

532 5370 605 5426 Ut
636 5384 751 5447 per
777 5370 953 5438 illum
984 5391 1053 5435 se
1081 5374 1427 5453 submittat,
1460 5379 1525 5437 et
1557 5376 1850 5439 exhibeat
1876 5394 2096 5454 quam·
2176 5396 2287 5439 suo
2317 5379 2528 5449 corde,
2567 5380 2696 5443 sive
2731 5381 2994 5461 judicio,
3047 5385 3176 5449 sive
3225 5386 3466 5457 affectu,
3507 5388 3668 5464 potest

524 5454 675 5533 dam
704 5468 917 5529 notam
971 5472 1034 5527 et
1072 5468 1599 5547 significationem
1646 5486 1773 5531 surr
1828 5468 2094 5535 submis·
2176 5472 2676 5539 commodissime
2699 5476 2970 5545 exerceri
3014 5484 3080 5547 ut
3122 5486 3265 5549 nota
3297 5476 3666 5542 submissionis
