3892 6167
573 334 689 395 1⁴6

1799 326 2035 393 QUAEST.
2068 326 2199 383 xm.
2232 328 2436 383 Anne.
2469 328 2551 383 IV.

570 438 962 509 contentam,
991 430 1163 511 quod
1209 448 1324 494 sua
1377 429 1653 493 naturali
1688 448 1764 493 ac
1805 430 2133 513 principali
2212 429 2346 493 hoec
2385 428 2595 491 omnia
2624 425 2995 491 naturaliter
3018 424 3357 507 concipere
3399 430 3494 493 vel
3538 450 3701 515 appre-

570 530 798 591 virtute
830 532 1034 608 potest
1060 526 1408 605 attingere3
1443 543 1595 605 ergo
1621 524 1724 585 vel
1752 542 1918 603 aqua
1945 525 2137 585 etiam

577 622 698 683 erit
749 619 1111 701 principalis
1140 636 1331 680 causa
1359 619 1594 699 gratiae,
1627 618 1798 697 quod
1826 628 1924 679 est
1951 618 2138 699 plane

574 715 804 777 falsum
817 735 836 791 3
867 714 968 777 vel
1021 714 1126 773 hic
1167 711 1396 775 modus
1435 712 1667 793 agendi
1696 730 1826 773 non
1871 710 2141 773 obstabit

583 810 921 890 quominus
950 808 1300 869 intellectus
1327 806 1885 871 instrumentaliter
1913 804 2142 869 efficiat

585 901 1132 983 supernaturalem
1167 907 1398 964 actum.

654 996 758 1059 96.
805 994 882 1057 Et
905 994 1312 1056 confirmatur
1341 995 1567 1073 prime,
1597 992 1747 1074 quia
1765 992 1831 1055 in
1859 994 2139 1073 superio-

573 1088 746 1151 ribus
777 1095 872 1150 est
904 1095 1226 1150 ostensum
1260 1089 1427 1148 hunc
1465 1087 1724 1148 modum
1772 1087 2139 1149 elevationis

575 1201 706 1243 non
735 1182 1182 1244 transcendere
1217 1180 1593 1242 activitatem
1623 1178 2133 1253 obedientialem‚

576 1282 640 1337 et
657 1274 896 1337 eisdem
911 1275 1256 1336 rationibus
1286 1273 1530 1336 ostendi
1551 1278 1757 1353 potest
1782 1291 1911 1333 non
1938 1279 2138 1334 trans·

577 1366 848 1431 candere
927 1368 1308 1431 activitatem
1366 1364 1951 1441 instrumentalem3
2008 1366 2135 1425 imo

575 1462 823 1525 videtur
849 1470 1068 1543 aperte
1091 1479 1451 1541 repugnare
1481 1461 1759 1540 aliquam
1786 1478 1922 1521 rem
1943 1476 2136 1541 agere

577 1561 647 1619 ut
674 1555 1018 1638 principale
1045 1556 1446 1636 principium,
1467 1561 1530 1617 et
1549 1572 1676 1615 non
1694 1572 1883 1634 agere
1911 1554 2138 1615 virtute

577 1650 974 1713 connaturali
991 1664 1013 1726 3
1062 1667 1214 1731 ergo
1269 1654 1333 1711 et
1385 1668 1418 1710 e
1468 1649 1782 1709 contrario
1827 1653 2141 1729 repugnat

581 1762 772 1826 agere
823 1746 1054 1807 virtute
1094 1749 1342 1805 tantum
1393 1740 1820 1818 obedientiali,
1886 1748 1949 1804 et
2011 1761 2139 1804 non

579 1856 768 1918 agere
823 1843 894 1899 ut
942 1837 1449 1899 instrumentum.
1503 1836 1897 1898 Antecedens
1941 1840 2137 1916 patet,

580 1932 730 2013 quia
757 1929 1118 2012 principalis
1151 1947 1342 1991 causa
1384 1929 1631 2005 dicitur,
1669 1948 1808 2009 quae
1854 1931 1982 2011 agit
2022 1931 2143 1991 vir-

581 2028 715 2085 tute
755 2024 1030 2104 propria,
1065 2023 1228 2085 etde
1259 2041 1326 2085 se
1355 2024 1826 2103 proportionata
1850 2023 1932 2085 ad
1954 2024 2141 2085 effec-

581 2124 756 2194 tum,
801 2122 1104 2196 tanquam
1150 2118 1449 2178 existente
1495 2117 1779 2199 ejusdem
1814 2117 1916 2179 vel
1960 2136 2143 2197 supe-

583 2212 766 2274 rioris
791 2210 1028 2273 ordinis
1058 2228 1198 2273 cum
1233 2210 1362 2284 illo,
1395 2215 1467 2270 ut
1489 2214 1734 2272 constat
1762 2228 1840 2271 ex
1861 2230 2143 2272 commu-

583 2304 742 2367 niet
783 2306 1035 2385 recepta
1093 2302 1456 2365 definitione
1493 2322 1700 2365 eausae
1741 2304 2101 2385 principalis
2123 2326 2142 2380 3

583 2399 695 2461 sed
745 2416 938 2461 causa
977 2416 1118 2479 quae
1148 2396 1510 2479 hujusmodi
1554 2406 1671 2473 est,
1705 2404 2002 2477 operatur
2027 2398 2147 2459 vir-

582 2500 714 2556 tute
740 2494 1014 2554 maxime
1044 2492 1436 2553 connaturali
1463 2511 1538 2553 ac
1567 2492 1855 2573 propria;
1885 2510 2059 2571 erge.

663 2588 767 2650 97.
807 2584 884 2647 Et
926 2584 1332 2647 confirmatur
1380 2585 1688 2659 secunde,
1745 2584 1891 2663 quia
1941 2584 2145 2665 magis

585 2684 680 2741 est
705 2680 1088 2741 intellectum
1139 2678 1374 2739 elevari
1411 2678 1493 2739 ad
1523 2678 1921 2739 efficiendam
1968 2676 2144 2739 intel-

581 2770 918 2835 lectionem
947 2772 1440 2852 supernaturalis
1460 2774 1748 2834 essentiae
1766 2773 1866 2834 vel
1887 2772 2143 2853 speciei,

585 2884 774 2949 quam
800 2866 1074 2928 calorem
1101 2873 1174 2929 ut
1199 2886 1421 2945 unum,
1456 2866 1630 2929 verbi
1655 2866 1878 2946 gratia,
1913 2867 2148 2929 elevari

587 2961 672 3023 ad
710 2960 1108 3023 efficiendum
1136 2960 1409 3023 calorem
1459 2967 1531 3023 ut
1571 2966 1738 3033 octo,
1770 2961 1916 3041 quia
1943 2960 2149 3039 major

587 3059 687 3117 est
710 3072 1004 3115 excessus
1027 3054 1092 3114 in
1123 3054 1394 3115 essentia
1421 3054 1713 3135 specifica
1761 3054 1923 3116 intra
1979 3054 2148 3117 idem

589 3165 813 3230 genus,
837 3166 1024 3229 quam
1057 3166 1350 3210 excessus
1384 3148 1450 3209 in
1497 3150 1634 3210 sola
1661 3148 2019 3211 intensione
2052 3148 2148 3209 in-

585 3246 684 3304 tra
732 3243 1018 3303 eamdem
1063 3243 1379 3321 speciem3
1413 3240 1527 3303 sed
1560 3242 1610 3303 si
1653 3241 1826 3303 calor
1877 3248 1946 3304 ut
1982 3260 2147 3303 unus

591 3336 873 3397 elevatur
899 3334 981 3395 ad
1017 3333 1417 3397 efficiendum
1437 3335 1712 3397 calorem
1735 3342 1807 3397 ιιι
1829 3342 1988 3407 oct0,
2017 3352 2147 3395 nou

588 3433 794 3511 potest
867 3427 1099 3490 elevari
1167 3428 1251 3489 ad
1304 3428 1623 3509 agendum
1679 3433 1749 3490 ut
1802 3427 2149 3509 principale

592 3537 814 3601 agana,
857 3522 971 3583 sed
1020 3526 1265 3583 tantum
1311 3526 1382 3584 ιιι
1433 3522 1910 3583 instrumentale
1924 3539 1945 3599 3
1998 3540 2149 3601 ergo

593 3616 761 3678 idem
804 3614 1028 3695 majori
1062 3610 1668 3677 ratione‘dicendum
1717 3623 1813 3677 est
1845 3616 1924 3676 de
1971 3614 2153 3676 intel·

596 3707 782 3769 lectu.
827 3706 1219 3787 Responderi
1263 3710 1469 3788 potest
1519 3727 1659 3769 esse
1708 3708 2150 3785 differentiam,

597 3799 746 3881 quia
771 3800 940 3863 calor
969 3802 1049 3881 (et
1077 3798 1242 3862 idem
1274 3806 1365 3863 est
1392 3800 1471 3862 de
1507 3802 1750 3863 caeteris
1770 3800 2155 3863 instrumen-

593 3891 673 3955 tis
696 3892 1092 3971 inanimatis)
1125 3893 1282 3955 sistit
1307 3892 1372 3954 in
1419 3894 1646 3956 effectu
1688 3894 1993 3973 producto
2022 3902 2157 3955 tan-

599 4004 792 4069 quam
821 3988 884 4047 in
917 3986 1136 4047 ultimo
1166 3987 1432 4049 termino
1458 3995 1522 4049 et
1549 3988 1675 4049 fine
1704 4007 1833 4049 suae
1864 3989 2152 4063 actioniS,

598 4072 1010 4163 quatenus'ab
1041 4080 1144 4142 illo
1174 4088 1268 4141 est
1293 4084 1360 4142 ut
1383 4100 1420 4142 a
1453 4081 1779 4161 principali
1809 4080 2108 4163 principio
2137 4100 2153 4155 ;

601 4176 761 4238 actio
781 4177 996 4236 autem
1026 4173 1378 4235 intellectus
1405 4174 1605 4235 tendit
1641 4174 2068 4253 principaliter
2094 4174 2159 4236 in

601 4268 940 4349 objectum,
971 4273 1032 4329 et
1054 4268 1202 4346 quia
1227 4268 1576 4330 intellectus
1597 4286 1850 4347 semper
1875 4268 2159 4331 elevatur

603 4363 684 4425 ad
719 4360 1042 4441 agendum
1095 4361 1258 4423 circa
1316 4359 1572 4441 aliquod
1613 4361 1953 4439 obiectum,
1988 4361 2159 4439 quod

601 4455 968 4519 naturaliter
995 4459 1200 4536 potest
1231 4453 1440 4533 aliquo
1485 4454 1673 4515 modo
1703 4454 2033 4534 attingere,
2062 4460 2154 4531 ut,

599 4550 772 4613 verbi
807 4549 1032 4629 gratia,
1064 4547 1226 4609 circa
1259 4547 1456 4609 Deum
1479 4594 1500 4624 ,
1531 4546 1674 4609 ideo
1705 4547 1929 4609 dicitur
1952 4549 2157 4631 potius

599 4644 954 4708 intellectus
1000 4658 1188 4720 agere
1238 4647 1305 4702 ut
1331 4642 1689 4723 principalis
1716 4661 1932 4716 causa,
1964 4661 2158 4723 quam

599 4738 772 4801 calor
795 4738 1094 4801 elevatuS.
1116 4736 1292 4806 Quod
1321 4737 1371 4797 si
1395 4736 1651 4815 objicias
1677 4734 1842 4797 hanc
1865 4735 2158 4798 differen-

599 4835 752 4895 tiam
806 4850 935 4893 non
986 4828 1182 4892 videri
1235 4832 1670 4892 universaliter
1725 4849 1967 4907 veram,
2008 4831 2157 4911 quia

601 4926 825 5006 aliquae
853 4943 954 4987 res
983 4924 1320 5004 excogitari
1349 4930 1632 5003 possunt,
1665 4942 1822 5002 quas
1850 4944 1979 4987 non
2019 4944 2159 5006 pos-

603 5020 684 5082 sit
734 5018 1090 5080 intellectus
1129 5018 1497 5078 naturaliter
1537 5036 1940 5098 cognoscere,
1978 5026 2047 5079 ut
2077 5016 2159 5081 ad

602 5129 712 5175 eas
737 5112 836 5174 vel
885 5110 1376 5193 cognoscendas,
1404 5111 1502 5173 vel
1540 5110 1875 5173 intuendas
1922 5112 2157 5175 elevari

598 5207 823 5291 possit,
853 5210 923 5266 ut
955 5209 1101 5266 sunt
1121 5204 1460 5266 relationes
1488 5204 1731 5280 divinae,
1767 5207 1914 5268 unio
1960 5206 2159 5287 hypo·

599 5300 844 5376 statica,
899 5298 1100 5381 gratia
1129 5342 1148 5374 ,
1196 5304 1257 5360 et
1326 5297 1587 5371 similia,
1644 5300 2152 5379 respondebitur,

597 5394 884 5479 quamvis
914 5394 1102 5456 homo
1145 5412 1274 5455 non
1305 5394 1501 5474 possit
1551 5392 1686 5457 haec
1733 5395 2009 5459 naturali
2048 5386 2159 5461 co-

599 5490 878 5570 gnitione
899 5488 1207 5562 invenire,
1231 5498 1418 5567 posse
1435 5494 1648 5550 tamen
1674 5507 1788 5567 per
1806 5489 2156 5555 doctrinam

2216 522 2491 585 bendere
2520 522 2731 601 aliquo
2758 521 2971 595 modo,
2998 527 3061 583 et
3085 521 3376 586 similiter
3400 542 3565 603 posse
3585 530 3702 591 circa

2220 614 2327 679 illa
2368 614 2621 695 aliquod
2678 614 2963 677 naturale
2998 614 3313 694 judicium
3345 615 3517 693 ferre,
3544 621 3701 683 saltem

2219 728 2335 793 per
2347 709 2687 772 humanam
2717 708 2933 781 fidem,
2954 708 3240 786 quamvis
3266 725 3392 771 non
3418 713 3588 789 possit
3602 733 3703 793 pro-

2220 804 2422 886 priam
2482 804 2809 865 scientiam
2858 802 2961 865 vel
3010 802 3485 883 conceptionem
3521 805 3587 866 de
3622 807 3703 869 illis

2218 895 2589 959 naturaliter
2616 896 2937 975 consequi.
2972 896 3119 967 Sed,
3148 896 3296 959 licet
3316 896 3446 959 haec
3461 900 3701 975 vet-asini,

2218 1009 2444 1072 parum
2474 998 2645 1053 certe
2674 989 2961 1053 conferre
2984 988 3284 1051 videntur
3305 988 3386 1051 ad
3408 1008 3529 1053 rem
3544 992 3607 1053 de
3620 1012 3705 1073 qua

2220 1084 2490 1163 agimus,
2516 1089 2647 1145 tum
2680 1083 2826 1163 quia
2861 1081 2967 1145 illa
3018 1082 3298 1161 cognitio
3333 1100 3445 1164 per
3467 1085 3631 1147 solam
3658 1087 3705 1147 fi·

2220 1176 2367 1239 dem
2396 1178 2767 1251 humanam,
2816 1182 2879 1238 et
2930 1176 3365 1259 testimonium
3412 1176 3702 1253 dicentium,

2218 1272 2365 1351 plus
2396 1272 2583 1334 habet
2602 1271 2683 1333 de
2702 1270 3057 1350 ignorantia
3082 1288 3275 1350 quam
3293 1269 3373 1331 de
3400 1272 3701 1351 coguitione;

2219 1368 2379 1438 tum,
2398 1364 2598 1445 magis
2623 1364 2702 1426 ad
2731 1383 2891 1439 rem,
2910 1364 3057 1445 quia
3088 1364 3226 1425 hoec
3256 1364 3463 1425 omnia
3482 1382 3589 1425 non
3618 1366 3703 1425 suf-

2220 1456 2441 1520 ficiunt
2505 1464 2577 1522 ut
2634 1459 2891 1539 propria
2942 1458 3100 1520 ratio
3161 1475 3374 1519 causas
3428 1456 3706 1537 principalis

2222 1552 2559 1616 conveniat
2608 1552 2951 1616 intellectui
2998 1552 3290 1633 operanti
3333 1570 3446 1631 per
3486 1553 3708 1613 virtutem

2224 1644 2711 1709 obedientialem
2770 1647 3101 1709 elevatam.
3166 1648 3260 1709 Ac
3312 1643 3565 1725 denique
3608 1648 3706 1727 quia

2226 1742 2543 1823 objectum
2588 1740 2769 1816 illud,
2811 1743 2957 1804 licet
3008 1741 3420 1805 materialiter
3474 1741 3543 1801 sit
3570 1740 3704 1815 idem,

2226 1840 2435 1898 tamen
2474 1841 2547 1897 ut
2590 1834 2679 1896 sic
2710 1854 2839 1897 non
2877 1840 2974 1899 est
2998 1836 3347 1915 ,objectum
3396 1832 3703 1913 specificans,

2223 1931 2338 1993 sed
2390 1936 2489 1993 est
2544 1930 2739 1993 veluti
2793 1948 3129 1991 commune
3174 1935 3238 1992 et
3286 1928 3615 2011 genericum
3632 1944 3647 2003 ;
3666 1936 3704 1989 et

2223 2023 2361 2087 ideo
2394 2024 2613 2087 eadem
2646 2018 2803 2085 ratio
2833 2030 2927 2086 est
2955 2023 3035 2085 de
3064 2023 3175 2085 illo
3208 2040 3351 2101 quae
3378 2028 3465 2083 est
3488 2021 3557 2082 de
3576 2039 3705 2101 gene·

2224 2118 2354 2181 rica
2412 2117 2655 2179 ratione
2713 2124 2891 2179 actus
2937 2116 3333 2199 intelligendi
3359 2134 3376 2189 ;
3426 2115 3569 2177 sicut
3606 2132 3706 2193 ergo

2226 2211 2361 2272 haec
2398 2230 2525 2273 non
2556 2210 2784 2273 sufficit
2812 2216 2882 2272 ut
2906 2210 3270 2273 intellectus
3298 2209 3377 2271 sit
3404 2225 3573 2271 causa
3597 2207 3708 2285 prin-

2230 2305 2450 2385 cipalis
2478 2312 2679 2379 actua,
2708 2322 2923 2385 neque
2971 2305 3165 2368 etiam
3210 2302 3470 2365 sufficiet
3492 2300 3629 2381 quod
3650 2300 3708 2359 in-

2227 2399 2517 2461 tellectus
2562 2398 2757 2477 possit
2802 2396 3038 2459 habere
3082 2397 3368 2476 aliquem
3391 2400 3576 2457 actum
3598 2393 3707 2451 circa

2228 2492 2385 2555 illud
2418 2492 2747 2555 materiale
2780 2492 3120 2571 objectum.
3170 2493 3251 2553 Et
3304 2489 3460 2551 ratio
3506 2504 3627 2547 sane
3650 2490 3709 2544 est

2228 2586 2472 2661 eadem,
2508 2584 2657 2665 quia
2700 2584 2954 2665 quando
3006 2584 3367 2645 inteHectus
3409 2581 3643 2641 elevatur
3660 2576 3709 2637 ad

2228 2681 2667 2761 attingendum
2718 2679 2874 2740 illud
2925 2678 3247 2757 objectum
3292 2670 3705 2759 supernaturale,

2230 2792 2345 2837 seu
2372 2793 2486 2855 per
2505 2780 2713 2837 actum
2739 2773 3314 2855 supernaturalem,
3340 2770 3465 2849 jam
3492 2773 3615 2828 tunc
3626 2780 3707 2823 non

2230 2869 2360 2949 agit
2388 2888 2465 2930 ex
2492 2870 2554 2931 vi
2578 2868 2745 2929 illius
2778 2867 3112 2929 activitatis
3141 2862 3468 2935 naturalia,
3498 2878 3600 2939 qua
3636 2875 3707 2937 po·

2229 2968 2352 3025 test
2380 2982 2493 3042 per
2516 2963 2710 3025 alium
2740 2968 2948 3025 actum
2977 2960 3421 3041 imperfectum
3447 2955 3590 3016 circa
3604 2948 3708 3011 illud

2229 3054 2555 3119 materiale
2597 3057 2915 3135 objectum
2948 3054 3229 3127 versari3
3284 3068 3432 3133 ergo
3460 3048 3565 3108 hoc
3602 3040 3707 3103 nihil

2230 3152 2437 3231 potest
2468 3148 2751 3211 conferre
2780 3155 2852 3211 ut
2898 3146 3005 3209 illa
3038 3146 3349 3221 activitas,
3370 3161 3500 3223 quoe
3526 3144 3603 3201 est
3636 3152 3707 3215 per

2233 3243 2672 3318 elevationem,
2729 3248 3064 3305 censeatur
3115 3260 3259 3303 esse
3320 3238 3398 3301 ab
3450 3236 3567 3315 ipso
3606 3236 3655 3291 ut
3684 3245 3707 3287 a

2231 3356 2419 3400 causa
2449 3336 2797 3419 principali.
2824 3336 2946 3397 Sed
2979 3336 3101 3397 dici
3126 3334 3387 3397 tandem
3408 3332 3605 3411 potest,
3621 3338 3708 3423 ont·

2230 3450 2345 3493 nes
2372 3449 2473 3492 res
2503 3430 2681 3505 alias,
2716 3448 2857 3510 quse
2888 3428 3217 3491 elevantur
3244 3428 3325 3491 ad
3372 3423 3611 3486 actiones
3634 3432 3708 3473 mi·

2232 3526 2577 3599 raculosaS,
2608 3543 2737 3585 non
2782 3542 2969 3603 agere
3003 3523 3177 3585 vitali
3224 3522 3487 3589 actione,
3516 3516 3609 3573 has
3632 3509 3711 3587 :au-

2236 3624 2365 3680 tem
2396 3618 2705 3698 potentias
2736 3616 2973 3678 elevari
3003 3616 3083 3677 ad
3108 3614 3427 3693 agendum
3444 3602 3591 3671 vitali
3620 3617 3709 3661 mo·

2237 3710 2341 3786 dc,
2376 3718 2437 3773 et
2458 3710 2625 3772 hanc
2654 3710 3071 3771 differentiam
3107 3711 3263 3771 satis
3295 3723 3431 3771 esse
3460 3700 3711 3798 uthis-pc·

2237 3805 2449 3867 tentiae
2504 3804 2828 3866 eleventur
2872 3804 2954 3865 ad
2995 3802 3319 3883 agendum
3362 3804 3427 3861 ut
3478 3792 3709 3873 prinmpza

2240 3896 2627 3979 principalia,
2664 3896 2951 3975 quamvis
2977 3896 3237 3977 reliquae
3266 3912 3368 3955 res
3396 3888 3509 3951 sint
3536 3886 3709 3945 tantum

2240 3990 2677 4053 instrumenta.
2712 3990 2837 4052 Sed
2886 3989 3019 4053 haec
3048 3989 3377 4069 responsio
3404 3999 3513 4045 nec
3538 3970 3710 4075 sati-js&

2240 4085 2323 4147 cit
2360 4085 2752 4163 argumentis
2789 4084 2993 4159 factis,
3026 4102 3145 4147 nec
3202 4072 3473 4147 declarat
3512 4089 3605 4135 cur
3642 4062 3710 4164 illa

2240 4175 2366 4239 duo
2390 4178 2665 4241 habeant
2720 4179 3142 4241 necessariam
3172 4172 3615 4264 connexionem3
3637 4172 3711 4255 SCJ·

2239 4270 2408 4347 licet,
2431 4288 2569 4332 esse
2598 4272 2978 4351 principium
3008 4270 3361 4349 proximum
3379 4269 3539 4325 actus
3568 4247 3711 4356 *ti-1³11}

2240 4371 2311 4425 ut
2346 4362 2455 4437 sic,
2489 4370 2552 4427 et
2594 4382 2733 4426 esse
2781 4364 3160 4445 principium
3187 4362 3524 4443 proximum
3550 4356 3711 4429 prinm-

2238 4457 2382 4538 pale
2412 4456 2695 4537 ejusdem
2718 4458 2999 4519 actionis.
3683 4524 3691 4533 ,

2318 4554 2418 4615 98.
2470 4550 2669 4615 Semta
2696 4556 2753 4613 et
2776 4570 2918 4615 vera
2959 4552 3185 4635 opime.
3220 4584 3299 4596 -
3324 4542 3466 4609 Mihi
3489 4550 3613 4599 vero
3651 4526 3712 4585 dl·

2240 4643 2509 4706 cendum
2549 4645 2797 4706 videtur
2833 4646 2945 4705 has
2980 4645 3293 4725 potentias
3315 4688 3333 4715 ,
3368 4636 3631 4721 quantum
3658 4614 3711 4679 ad

2239 4737 2303 4801 id
2332 4738 2499 4819 quod
2520 4738 2847 4800 conferunt
2872 4740 2933 4799 in
2958 4736 3300 4799 efficiendis
3319 4729 3540 4795 actibus
3556 4728 3712 4795 super·

2240 4832 2631 4893 naturalibus
2661 4830 2873 4909 quoad
2898 4830 3332 4903 substantiam,
3376 4841 3441 4885 se
3467 4824 3643 4914 gerere
3667 4804 3709 4904 ul

2240 4925 2657 4988 iustrumenta
2682 4926 2905 4987 divinas
2943 4926 3186 5005 gratiae,
3232 4929 3296 4985 et
3318 4936 3437 4983 non
3466 4912 3710 4997 „2121ch-

2239 5016 2345 5099 pia
2360 5020 2750 5099 principalia,
2778 5024 2912 5079 tum
2933 5018 3013 5081 ob
3036 5018 3237 5079 ration
3246 5035 3343 5079 em
3366 5012 3586 5073 factam,
3604 5001 3707 5071 ‘1³¹³

2239 5114 2362 5177 illis
2388 5114 2559 5173 nullo
2598 5112 2788 5174 modo
2818 5112 3153 5175 convenire
3182 5100 3537 5192 potestratio
3560 5092 3709 5190 cflflssffi

2241 5207 2621 5287 principaliS,
2637 5213 2767 5268 tum
2790 5208 2936 5285 quia
2962 5207 3239 5268 efficiunt
3257 5203 3465 5266 virtute
3480 5181 3707 5255 obedien⁴

2238 5301 2370 5363 tiali
2406 5306 2468 5361 et
2500 5319 2631 5362 non
2658 5300 2952 5377 naturali,
2980 5307 3116 5361 tum
3168 5302 3350 5362 etiam
3389 5287 3519 5369 quia
3558 5270 3707 5380 solum

2240 5400 2439 5479 agunt
2476 5394 2577 5456 vel
2627 5395 2867 5459 elevata
2915 5394 2996 5457 ab
3044 5394 3191 5465 alio,
3224 5393 3286 5455 in
3334 5384 3495 5465 cujus
3538 5360 3705 5501 virtut?

2240 5488 2667 5571 principaliter
2680 5488 2967 5552 nit-untur
2990 5487 3071 5549 ad
3098 5480 3489 5567 operandum,
3510 5473 3623 5545 ‘1¹¹‘13
3642 5464 3689 5509 ⁰³
