3892 6167
520 293 640 360 Ate

524 396 733 458 minus
746 390 969 458 Christi
990 393 1057 456 ut
1073 388 1382 461 hominm
1408 405 1561 470 ergo
1588 388 1779 454 etiam
1806 387 2088 455 Christus

525 493 593 547 ιιι
626 487 812 548 homo
843 490 936 546 est
958 501 1175 545 servus
1204 480 1333 549 Dei.
1357 483 1563 545 Minor
1588 483 1913 563 probatur,
1936 481 2088 562 quia

526 577 873 640 dominium
890 575 1175 638 omnium
1194 591 1409 636 rerum
1424 575 1789 638 inferiorum
1810 593 1923 636 seu
1936 592 2089 636 con-

526 671 797 733 ditarum
820 676 953 732 tam
984 675 1081 731 est
1126 668 1539 730 intrinsecum
1565 674 1631 730 et
1674 666 2083 730 connaturale

528 767 685 840 Deo,
712 771 783 825 ut
810 764 1073 844 ipsemet
1098 779 1229 824 non
1264 762 1464 842 possit
1492 779 1561 824 se
1588 762 1799 842 ipsum
1830 762 1935 822 illo
1963 761 2086 841 pri·

528 876 713 930 vare;
746 855 1021 920 Christus
1046 861 1261 918 autem
1312 863 1379 917 ut
1419 855 1611 918 homo
1640 857 1803 918 inter
1828 873 1929 918 res
1961 855 2084 915 Deo

531 950 857 1014 inferiores
914 955 979 1010 et
1020 948 1103 1009 ab
1148 949 1285 1028 ipso
1330 948 1615 1010 conditas
1654 947 2086 1010 numerandus

530 1050 643 1107 est.
674 1041 1081 1122 Respondent
1108 1041 1324 1120 aliqui,
1354 1041 1409 1102 si
1448 1059 1562 1121 per
1590 1040 1939 1103 dominium
1983 1041 2085 1102 in-

533 1137 847 1218 telligatur
868 1139 1141 1215 potestas
1162 1134 1533 1196 dominandi
1588 1153 1701 1198 seu
1748 1134 1966 1198 utendi
2017 1151 2086 1196 re

530 1230 593 1292 in
623 1247 871 1292 omnem
896 1245 1099 1302 usum,
1122 1228 1211 1288 sic
1231 1245 1448 1290 verum
1470 1246 1611 1291 esse
1628 1229 1865 1291 habere
1886 1230 2088 1290 Deum

532 1321 883 1386 dominium
912 1321 975 1382 in
1012 1319 1327 1384 Christum
1357 1327 1428 1384 ut
1452 1321 1773 1384 hominem
1791 1337 1813 1400 3
1842 1321 1897 1383 si
1938 1339 2088 1384 vcro

532 1415 918 1496 intelligatur
940 1415 1017 1477 de
1047 1413 1351 1476 relatione
1370 1414 1653 1490 dominii,
1682 1417 1769 1478 sic
1799 1432 1925 1476 non
1954 1429 2090 1476 esse

535 1527 752 1571 verum
784 1507 1047 1588 reperiri
1093 1507 1155 1567 in
1187 1509 1319 1570 Deo
1344 1511 1637 1588 respectu
1680 1507 1922 1571 Christi.
1965 1507 2091 1570 Sed

534 1602 668 1666 hoec
686 1601 999 1664 distinctio
1024 1601 1455 1664 difficultatem
1482 1618 1613 1663 non
1642 1606 1927 1674 evacuat,
1940 1617 2091 1662 nam

536 1697 673 1758 hoec
700 1694 919 1757 relatio
945 1693 1205 1757 dominii
1235 1694 1299 1756 in
1324 1695 1453 1756 Deo
1476 1711 1605 1757 non
1630 1701 1727 1756 est
1753 1693 1963 1770 realis,
1977 1693 2091 1756 sed

534 1789 821 1865 rationis,
878 1795 950 1851 ut
984 1805 1205 1850 omnes
1252 1786 1559 1867 Theologi
1610 1787 1874 1860 docent;
1921 1787 2092 1848 unde

538 1883 861 1965 proprium
884 1899 960 1942 ac
985 1899 1205 1942 verum
1226 1880 1599 1954 dominium,
1634 1882 1805 1960 quod
1858 1888 1954 1942 est
1999 1881 2091 1942 in-

538 1977 879 2038 trinsecum
910 1981 977 2037 et
1004 1975 1411 2038 connaturale
1430 1976 1582 2050 Deo,
1606 1975 1929 2055 supposita
1947 1993 2093 2055 pro-

539 2070 831 2132 ductione
862 2075 1187 2146 creaturae,
1204 2069 1269 2130 in
1294 2068 1353 2148 ej
1364 2087 1431 2130 us
1458 2072 1767 2148 potestate
1784 2076 1849 2132 et
1874 2069 2096 2132 volun-

538 2170 666 2227 tate
692 2164 977 2226 consistit
990 2180 1013 2242 3
1054 2181 1230 2243 ergo,
1268 2163 1323 2224 si
1364 2163 1429 2226 in
1458 2162 1767 2226 Christum
1798 2171 1867 2226 ut
1894 2163 2098 2226 homi·

538 2275 685 2320 nem
718 2257 910 2320 habet
933 2260 1102 2320 Deus
1146 2257 1505 2337 pradictam
1554 2262 1947 2338 potestatem,
1981 2257 2098 2320 ha-

536 2353 645 2416 het
690 2369 910 2415 verum
948 2357 1011 2413 et
1054 2350 1225 2412 reale
1252 2349 1624 2425 dominium,
1656 2350 1842 2432 quale
1873 2352 1939 2412 in
1967 2352 2094 2412 Deo

540 2465 681 2510 esse
710 2452 937 2527 potest.
978 2446 1067 2506 Ac
1091 2444 1344 2520 deinde,
1366 2444 1689 2524 supposita
1734 2443 1840 2506 tali
1882 2450 2094 2523 potes-

540 2542 687 2614 tate,
706 2545 995 2620 respectu
1022 2537 1243 2600 Christi
1272 2543 1343 2598 ut
1370 2537 1659 2612 hominis,
1686 2555 1799 2600 cur
1824 2555 1954 2599 non
1982 2555 2096 2618 po-

538 2633 685 2696 terit
712 2649 893 2694 mens
919 2637 1156 2706 nostra,
1188 2630 1569 2693 conferendo
1622 2631 1727 2694 illa
1786 2637 2090 2706 extrema,

538 2733 893 2807 respectum
938 2727 1107 2786 inter
1135 2743 1210 2786 ea
1238 2725 1563 2787 invenire?
1592 2731 1703 2786 aut
1730 2725 2094 2806 confingere

538 2821 711 2900 quod
758 2820 811 2882 si
850 2819 913 2881 id
936 2825 1163 2899 potest,
1194 2819 1248 2880 is
1278 2835 1409 2878 non
1452 2819 1569 2881 erit
1619 2818 1781 2880 alius
1810 2837 1891 2881 ex
1920 2825 2098 2900 parte

540 2914 650 2975 Dei
698 2913 818 2974 nisi
866 2919 1195 2992 respectus
1219 2912 1521 2988 dominii,
1552 2912 1675 2974 nisi
1722 2931 1956 2974 novum
1988 2913 2098 2973 ali-

540 3006 709 3084 quod
735 3023 969 3068 nomen
996 3005 1389 3086 excogitatur
1428 3004 1511 3067 ad
1556 3005 1687 3068 vim
1720 3007 2098 3086 ⁸argumenti

542 3099 945 3162 eludendam.
976 3100 1263 3177 Denique
1288 3099 1349 3159 in
1380 3099 1547 3160 hune
1573 3098 1829 3160 modum
1860 3099 1980 3160 hoc
2009 3101 2098 3179 ip-

542 3210 683 3254 sum
708 3192 979 3266 declaro,
1006 3209 1153 3254 nam
1176 3193 1363 3266 Deae,
1396 3199 1955 3272 quantumcunque
1979 3192 2097 3254 bo·-

542 3306 625 3349 na
649 3305 765 3350 sua
792 3286 1211 3349 communicet
1238 3304 1384 3348 cum
1413 3293 1725 3363 creatura,
1762 3305 1891 3348 non
1918 3285 2098 3349 amit·

542 3380 616 3443 tit
641 3380 708 3442 in
742 3380 912 3442 illam
941 3379 1199 3443 dominii
1245 3386 1652 3459 potestatem;
1684 3395 1837 3461 ergo
1887 3397 2097 3459 neque

544 3481 639 3536 est
668 3491 779 3536 cur
822 3491 1059 3536 nomen
1088 3491 1203 3534 seu
1230 3472 1809 3536 denominationem
1838 3471 2100 3535 dominii

544 3568 810 3641 amittat,
838 3573 903 3629 et
946 3573 1411 3646 consequenter
1436 3583 1557 3628 nec
1604 3571 1966 3646 respectum
1989 3571 2102 3628 aut

543 3661 854 3724 rationem
892 3660 1176 3722 dominii.
1198 3660 1377 3722 Unde
1406 3657 1573 3721 inter
1595 3659 1908 3733 homines,
1942 3677 2102 3720 nun·

545 3773 739 3835 quam
782 3753 863 3830 is,
902 3755 1009 3833 qui
1052 3754 1349 3816 dominus
1386 3753 1641 3816 alterius
1696 3758 1887 3814 antea
1938 3758 2097 3828 erat,

546 3849 789 3911 amittet
810 3849 1183 3910 relationem
1200 3849 1303 3910 vel
1332 3847 1815 3928 appellationem
1836 3845 2102 3908 dominii

546 3947 799 4024 propter
849 3943 1048 4004 solam
1078 3945 1391 4006 bonorum
1436 3941 2096 4014 communicationem,

546 4041 665 4102 nisi
724 4043 915 4104 etiam
940 4043 1217 4122 privetur
1258 4040 1469 4122 aliqua
1518 4045 1847 4121 potestate,
1908 4055 2100 4118 quam

546 4139 731 4196 antea
759 4133 1035 4195 habehat
1058 4134 1123 4194 in
1156 4151 1300 4196 eum
1330 4135 1439 4214 qui
1465 4139 1599 4196 erat
1623 4151 1863 4195 servus.
1889 4133 1966 4193 Et
1979 4131 2101 4193 hoc

545 4226 733 4288 modo
757 4245 873 4306 per
896 4227 1257 4307 conjugium
1286 4245 1447 4288 uxor
1466 4225 1699 4288 desinit
1738 4243 1877 4287 esse
1908 4225 2104 4286 ancil-

546 4318 631 4394 la,
658 4325 724 4381 et
744 4337 859 4399 per
877 4318 1279 4398 adoptionem
1302 4319 1625 4382 amittetur
1644 4318 1928 4396 servitus,
1952 4318 2102 4396 quia

544 4417 821 4491 potestas
854 4411 1072 4473 utendi
1126 4412 1232 4474 tali
1280 4431 1367 4488 re,
1401 4419 1512 4474 aut
1537 4411 1793 4488 tollitur,
1822 4417 1932 4472 aut
1963 4429 2102 4472 mu-

547 4510 729 4566 tatur.
763 4505 829 4568 Si
882 4510 1093 4566 autem
1122 4505 1348 4566 eadem
1382 4509 1660 4584 potestas
1692 4509 1976 4567 muneret
2006 4504 2104 4566 in·-

544 4602 721 4678 tegra
740 4598 923 4678 juxta
952 4597 1153 4659 civilia
1189 4599 1359 4678 jura,
1394 4603 1885 4678 quantacunque
1910 4598 2106 4660 bene-

545 4691 689 4752 ficia
726 4691 1019 4754 dominus
1060 4691 1125 4752 in
1148 4711 1397 4754 servum
1428 4692 1763 4768 conferret,
1796 4706 1925 4752 non
1955 4707 2104 4768 pro-

545 4791 762 4864 pterea
792 4784 1087 4846 dominus
1104 4803 1245 4847 esse
1264 4785 1600 4848 desineret.
1628 4785 1749 4848 Cur
1771 4784 1937 4846 enim
1957 4789 1982 4845 ἲ
2001 4784 2104 4846 Sic

548 4895 701 4956 ergo
725 4879 1027 4959 contingit
1053 4879 1120 4939 in
1160 4880 1312 4952 Dec,
1346 4879 1527 4958 cujus
1556 4881 1828 4958 potestas
1854 4877 1923 4940 in
1944 4894 2104 4956 opus

548 4989 732 5032 suum
789 4989 907 5034 nec
958 4971 1111 5047 tolli,
1142 4990 1261 5034 nec
1306 4970 1507 5034 minui
1544 4977 1790 5050 potest3
1822 4977 1886 5034 et
1930 4971 2099 5044 idae,

546 5065 947 5142 quantumvis
972 5065 1137 5126 bona
1168 5083 1285 5126 sua
1326 5065 1767 5138 communicet,
1802 5063 1974 5144 quod
2011 5063 2105 5125 ni-

544 5156 634 5217 hil
682 5156 851 5218 aliud
906 5165 1001 5220 est
1056 5176 1249 5238 quam
1278 5157 1583 5220 beneficia
1636 5156 1941 5232 conferre,
1972 5173 2102 5218 non

543 5257 875 5331 propterea
896 5251 1143 5314 desinet
1170 5269 1307 5314 esse
1336 5257 1447 5313 aut
1475 5251 1593 5313 dici
1628 5251 1943 5312 dominus.
1970 5251 2100 5311 Imo

546 5344 635 5422 (si
658 5345 745 5405 ita
778 5345 950 5423 loqui
977 5345 1071 5406 fas
1093 5346 1223 5422 est)
1248 5361 1325 5407 eo
1350 5351 1446 5408 est
1470 5344 1673 5425 magis
1704 5344 1972 5425 alicujus
1995 5341 2104 5405 do-

547 5439 751 5502 minus
778 5485 793 5514 ,
830 5457 957 5519 quo
994 5438 1280 5518 pluribus
1316 5438 1501 5502 bonis
1542 5457 1689 5501 eum
1730 5437 2094 5500 cumulavit.

1764 289 1998 358 QUAEST.
2033 291 2138 348 XX.
2171 291 2374 350 Anne.
2408 293 2470 350 u.

2246 392 2348 454 36.
2393 389 2522 453 Nec
2549 405 2700 454 vero
2719 389 2844 452 dici
2865 393 3070 470 potest
3089 387 3738 453 communicationem

2165 483 2478 547 honorum
2511 483 2624 546 Dei
2645 499 2791 544 cum
2819 483 3086 560 Christo,
3119 501 3248 545 nen
3301 501 3442 544 esse
3499 501 3582 544 ex
3631 484 3740 544 be·

2167 575 2391 638 neficio
2421 576 2558 650 Dei,
2587 575 2700 637 aed
2737 593 2876 636 esse
2902 575 3425 651 connaturalem,
3460 593 3542 635 ex
3597 593 3741 655 per·

2167 685 2334 730 sonae
2373 667 2698 748 dignitate.
2731 669 2892 730 Nam
2919 669 3040 731 hoc
3063 672 3163 730 est
3181 673 3742 746 verum-respectu

2166 761 2389 824 Christi
2419 767 2492 822 ut
2514 763 2686 823 Deus
2711 766 2840 837 est,
2855 767 2925 823 et
2951 765 3420 842 consequenter
3441 764 3742 840 respectu

2167 857 2356 918 etiam
2385 855 2607 920 Christi
2637 855 2997 934 simpliciter
3042 861 3105 918 et
3153 857 3290 920 sine
3347 851 3743 917 determina·

2165 951 2340 1011 tione
2367 949 2622 1029 sumpti,
2653 949 2801 1030 quia
2832 948 3128 1026 Christus,
3171 949 3468 1012 absolute
3505 947 3737 1023 dictuS,

2167 1061 2296 1104 non
2319 1048 2412 1104 est
2455 1043 2619 1104 Deus
2677 1059 2752 1104 ex
2789 1040 3120 1116 beneficio,
3181 1040 3297 1104 sed
3341 1059 3428 1103 ex
3455 1047 3734 1114 naturam

2169 1153 2296 1198 non
2323 1141 2654 1198 esttamen
2708 1135 2776 1197 id
2803 1153 3023 1198 verum
3061 1141 3358 1216 respectu·
3401 1133 3641 1200 Christi
3663 1141 3738 1194 nt

2169 1229 2460 1303 hominis,
2518 1229 2668 1310 quia
2735 1231 2938 1292 omn-is
2989 1229 3346 1291 divinorum
3411 1228 3738 1289 bonorum

2172 1323 2672 1398 communicatio,
2703 1340 2846 1402 quoe
2884 1323 2954 1384 in
2981 1323 3086 1384 illo
3139 1329 3212 1384 ut
3249 1321 3526 1384 homine
3557 1339 3738 1401 repe·

2169 1417 2352 1494 ritur,
2377 1423 2512 1479 orta
2541 1423 2638 1479 est
2665 1435 2741 1478 ex
2765 1416 3070 1479 beneflcio
3095 1423 3160 1479 et
3197 1416 3406 1497 gratia
3453 1433 3596 1477 suae
3627 1415 3740 1476 hu-

2170 1510 2453 1572 manitati
2499 1510 2748 1585 collata,
2789 1509 3030 1572 ratione
3063 1509 3244 1590 cujus
3281 1525 3408 1572 nec
3455 1515 3738 1590 potesta-

2171 1611 2300 1668 tem
2321 1621 2440 1666 nec
2468 1619 2700 1665 nomen
2725 1603 2986 1666 dominii
3015 1603 3180 1665 Deus
3203 1602 3418 1664 amisit
3441 1608 3738 1682 respectu

2173 1697 2358 1759 illius.
2391 1697 2526 1769 Quo
2558 1696 2792 1758 factum
2823 1700 2919 1758 est
2971 1703 3042 1759 ut
3095 1695 3378 1758 Christus
3401 1709 3408 1720 ·
3429 1701 3503 1756 ut
3553 1695 3736 1756 homo

2172 1809 2289 1874 per
2318 1809 2459 1854 eam
2473 1791 2932 1852 humanitatem
2957 1807 3104 1853 vere
3135 1809 3208 1853 ac
3233 1789 3505 1870 proprie
3527 1787 3736 1850 sitsuh

2175 1884 2452 1947 dominio
2482 1883 2596 1946 Dei
2622 1883 3020 1961 constitutus,
3069 1895 3132 1946 et-
3155 1884 3331 1962 quod
3387 1897 3472 1945 ex
3501 1881 3738 1943 benefi-

2174 1980 2272 2041 cio
2299 1979 2412 2041 Dei
2437 1978 2669 2041 habeat
2697 1977 2908 2040 omnia
2935 1977 3103 2040 hona
3131 1995 3270 2058 quae
3297 1975 3388 2038 illi
3436 1987 3518 2038 ut
3545 1977 3738 2038 homi-

2173 2073 2240 2134 ni
2269 2071 2734 2134 communicata
2771 2075 2965 2148 sunt3
2999 2073 3132 2133 haec
3183 2089 3338 2152 ergo
3383 2071 3739 2132 communi-

2177 2165 2339 2228 catio
2371 2165 2682 2226 honorum
2701 2163 2858 2226 nihil
2887 2165 3094 2227 obstat
3119 2163 3471 2244 quominus
3501 2169 3572 2224 et
3589 2163 3740 2224 Deus

2178 2261 2260 2325 sit
2284 2279 2431 2324 vere
2463 2279 2537 2322 ac
2557 2257 2812 2340 proprie
2849 2258 3143 2320 dominus
3171 2255 3400 2322 Christi
3445 2261 3524 2317 ut
3553 2256 3738 2316 homi-

2174 2357 2297 2430 nis,
2346 2361 2410 2418 et
2461 2359 2924 2433 consequenter
2971 2359 3040 2416 nt
3084 2369 3120 2414 e
3171 2351 3500 2414 contrario
3563 2351 3738 2411 etiam

2175 2449 2450 2514 Christus
2497 2456 2570 2512 ιιι
2593 2448 2783 2510 homo
2821 2448 2898 2510 sit
2925 2463 3071 2510 vere
3117 2465 3191 2509 ac
3221 2445 3488 2528 proprie
3533 2463 3736 2506 servus

2172 2546 2306 2606 Dei.
3316 2567 3326 2578 ·

2256 2638 2356 2700 37.
2397 2635 2792 2718 Approbatur
2813 2633 3068 2699 semmaa
3107 2635 3433 2698 sententia.
3469 2669 3560 2680 --
3581 2635 3730 2709 Haec,

2175 2750 2318 2812 quae
2345 2733 2408 2792 in
2429 2731 2617 2808 huius
2645 2727 3009 2808 posterioris
3037 2728 3364 2790 sententiae
3411 2727 3738 2790 confirma·

2176 2825 2414 2890 tionem
2445 2822 2703 2896 adduxi,
2725 2828 2970 2883 tantum
2997 2821 3166 2902 apud
3187 2839 3289 2883 me
3317 2821 3574 2883 habent
3601 2839 3740 2901 pen-

2179 2920 2298 2981 dus
2326 2915 2710 2980 auctoritatis
2735 2920 2796 2976 et
2823 2915 3100 2992 rationis,
3135 2921 3207 2975 ut
3237 2914 3618 2977 nullatenus
3643 2933 3740 2974 ne·

2179 3014 2460 3094 gaudum
2489 3009 2860 3084 existimem,
2889 3008 3042 3087 quin
3071 3007 3240 3070 sitin
3265 3007 3524 3071 Christo
3545 3015 3616 3070 nt
3637 3010 3740 3068 ho-

2178 3108 2348 3170 mine
2375 3107 2584 3186 aliqua
2611 3121 2762 3166 vera
2815 3109 2876 3165 et
2927 3102 3180 3183 propria
3227 3103 3388 3163 ratio
3423 3102 3740 3164 servitutis

2179 3201 2259 3262 ad
2293 3201 2516 3277 Deum,
2543 3217 2616 3260 ac
2644 3196 2907 3278 proinde
2943 3212 3094 3257 vere
3147 3215 3222 3257 ac
3249 3196 3514 3275 proprie
3562 3197 3740 3275 possit

2179 3294 2295 3356 suh
2319 3293 2528 3373 aliqua
2549 3291 2794 3352 ratione
2823 3288 2942 3351 dici
2965 3307 3184 3352 servus
3210 3288 3324 3349 Dei
3350 3309 3370 3364 3
3399 3295 3734 3367 quatenus,

2179 3389 2498 3462 nimirum,
2530 3391 2628 3447 est
2673 3383 2793 3445 sub
2819 3388 3126 3464 potestate
3161 3382 3318 3461 ejus,
3367 3387 3432 3444 et
3475 3399 3614 3442 non
3655 3399 3740 3440 so-

2179 3481 2312 3542 lum
2335 3479 2422 3542 illi
2449 3479 2513 3540 in
2543 3478 2835 3540 omnibus
2855 3495 3076 3557 parere
3105 3481 3375 3546 tenetur,
3403 3475 3526 3536 sed
3561 3476 3736 3536 etiam

2181 3575 2264 3636 ab
2289 3573 2398 3636 illo
2427 3574 2492 3635 in
2549 3571 2842 3634 omnibus
2897 3570 3173 3650 pendet3
3221 3575 3284 3631 et
3337 3587 3376 3631 e
3427 3569 3738 3630 contrario

2179 3667 2346 3730 Deus
2373 3669 2578 3747 potest
2599 3665 2706 3727 illo
2735 3665 2826 3726 uti
2852 3669 3039 3745 prout
3065 3663 3180 3724 sibi
3221 3661 3564 3743 placuerit.
3619 3664 3738 3724 Imo

2181 3761 2440 3824 ulterius
2467 3749 2656 3832 addo,
2683 3760 2862 3838 juxta
2891 3773 3292 3820 communem
3313 3772 3508 3818 nsum
3561 3757 3740 3836 hujus

2181 3853 2369 3929 vocis,
2400 3851 2610 3916 servus
2639 3853 2779 3927 Dei,
2804 3850 2941 3913 sine
2969 3851 3098 3912 ullo
3155 3849 3438 3930 periculo
3479 3849 3584 3912 vel
3613 3867 3738 3912 sus-

2181 3945 2428 4026 picione
2453 3945 2680 4006 erroris
2727 3961 2912 4026 posse
2939 3943 3019 4007 de
3067 3943 3307 4008 Christo
3355 3945 3428 4004 ut
3489 3943 3736 4004 homine

2181 4037 2542 4118 praedicari3
2573 4037 2722 4118 quia
2767 4055 2988 4100 revera
3034 4037 3167 4100 haec
3195 4037 3467 4098 servitus
3508 4035 3735 4098 nullam

2180 4132 2636 4212 ignobilitatem
2689 4132 2984 4212 importat
3016 4137 3124 4192 aut
3176 4127 3465 4209 requirit,
3523 4135 3736 4208 praeter

2183 4243 2324 4287 eam
2355 4223 2583 4302 quaein
2614 4224 2856 4286 ratione
2871 4230 3110 4286 naturae
3130 4230 3355 4286 creatae
3375 4217 3734 4298 includitur-3

2182 4317 2356 4379 nullo
2385 4323 2596 4378 autem
2625 4315 2814 4378 modo
2843 4317 3038 4397 exigit
3063 4323 3342 4379 creatam
3371 4331 3734 4396 personam,

2181 4411 2529 4492 praesertim
2545 4410 2800 4490 quando
2831 4427 2962 4472 non
2989 4409 3070 4472 de
3093 4409 3303 4492 aliquo
3349 4409 3730 4492 simpliciter,

2186 4503 2298 4567 sed
2319 4519 2464 4566 cum
2491 4504 2599 4566 illa
2632 4501 3176 4578 determinatione,
3221 4509 3294 4568 ut
3333 4503 3538 4580 home,
3596 4519 3734 4583 prae·

2185 4597 2448 4660 dicatur.

2264 4693 2362 4753 38.
2413 4689 2590 4763 Quod
2617 4691 2668 4752 si
2699 4690 2924 4771 aliquis
2973 4711 3013 4752 a
3067 4709 3171 4753 me
3217 4689 3500 4769 inquirat
3555 4707 3728 4772 quam

2183 4791 2432 4846 certam*
2472 4784 2884 4864 posteriorem
2939 4785 3108 4845 hanc
3175 4783 3558 4844 sententiam
3609 4799 3730 4845 esse

2185 4877 2560 4952 existimem,
2589 4876 2886 4938 libentius
2905 4877 3170 4938 aliorum
3200 4877 3262 4936 in
3287 4873 3411 4938 hoc
3435 4876 3729 4956 judicium

2185 4969 2460 5045 audiam,
2491 4987 2682 5050 quam
2711 4987 2923 5031 meum
2958 4969 3290 5048 proferam.
3329 4970 3471 5030 Non
3505 4969 3728 5030 -dubito

2181 5069 2396 5126 tamen
2437 5064 2612 5141 quin,
2641 5064 2694 5124 si
2723 5063 3035 5124 Adrianus
3063 5063 3232 5141 Papa
3277 5067 3342 5124 et
3395 5061 3728 5124 Concilium

2184 5157 2588 5219 Francoford.
2635 5157 2842 5236 specie
2873 5163 3058 5216 tenus
3100 5155 3456 5235 oppositam
3489 5163 3730 5218 senten·

2183 5251 2333 5312 tiam
2359 5249 2644 5312 docuisse
2671 5267 2802 5310 nou
2841 5245 3227 5322 viderentur,
3259 5249 3571 5326 posterior
3611 5248 3725 5308 haec

2183 5341 2394 5422 opinio
2423 5350 2592 5406 certa
2624 5341 2788 5404 etde
2825 5339 2951 5403 fide
2989 5359 3027 5401 a
3055 5339 3398 5420 Theologis
3437 5341 3725 5402 existima·

2181 5443 2356 5498 retur
2362 5451 2383 5517 ς
2408 5436 2458 5498 si
2483 5453 2633 5517 crgo
2659 5433 3110 5499 ostenderimus
3139 5431 3490 5497 Adi-tanum
3512 5441 3576 5498 et
3591 5434 3724 5498 Con·
