3892 6167
573 276 696 342 sos
1803 271 2041 334 οὔκω.
2074 269 2226 331 xxu..
2258 273 2461 333 Aurio.
2492 273 2579 330 iv.

573 373 868 441 titicantis
897 373 1210 439 Christum
1233 377 1303 439 nt
1331 372 1677 448 hominem,
1707 387 1854 434 cum
1882 370 2149 450 ipsamet

577 471 878 534 filiatione
917 465 1193 535 naturali
1225 471 1289 530 et
1319 483 1434 546 per
1457 465 1796 531 essentiam
1828 463 2049 528 Christi
2080 469 2151 527 ut

573 565 712 628 Dei.

657 661 759 724 36.
805 657 901 722 Ad
926 662 1248 737 quartum,
1271 654 1528 736 quidam
1553 653 1766 736 gravis
1801 657 2025 719 auctor
2048 670 2145 721 re-

581 753 794 819 serens
823 751 1184 832 opinionem
1215 747 1636 830 quorumdam
1659 745 2143 828 Theologomm,

585 845 1028 918 asserentium,
1079 845 1130 908 si
1179 843 1446 924 Spiritus
1493 842 1762 906 Sanctus
1805 844 2150 909 assumeret

580 940 1058 1012 humanitatem,
1097 954 1248 1002 eum
1287 941 1358 998 ut
1403 935 1720 1001 hominem
1763 933 1897 999 fore
1947 933 2148 999 filium

574 1035 690 1098 Dei
719 1051 836 1116 per
877 1033 1145 1113 gratiam
1175 1030 1586 1106 habitualem,
1617 1029 1770 1092 dicit
1793 1028 1913 1091 sibi
1956 1027 2146 1094 vehe-

575 1135 824 1194 menter
865 1127 1220 1208 displicere,
1267 1126 1415 1205 quia
1445 1141 1654 1204 neque
1698 1127 1864 1187 esset
1891 1121 2143 1201 (inquit)

575 1220 746 1287 filius
795 1220 1131 1294 naturalis,
1173 1235 1382 1296 neque
1435 1215 1808 1298 adoptivum
1861 1220 1925 1280 et
1978 1215 2143 1283 hanc

576 1313 988 1394 posteriorem
1045 1318 1296 1392 partem
1347 1311 1472 1374 late
1527 1311 1752 1391 probat
1791 1327 1808 1372 ε
1867 1309 2145 1390 priorem

579 1410 792 1472 autem
819 1407 970 1470 dicit
1009 1423 1150 1470 esse
1177 1404 1600 1480 manifestam,
1627 1404 1778 1484 quia
1806 1401 2143 1469 habitualis

579 1501 781 1582 gratia
807 1519 940 1564 non
978 1500 1205 1565 suffieit
1238 1498 1440 1563 filium
1467 1499 1581 1564 Dei
1610 1497 1957 1562 naturalem
1998 1515 2144 1562 eon·

575 1595 838 1659 stituere
885 1611 1056 1668 eum,
1104 1593 1220 1672 qui
1271 1593 1432 1664 alias
1473 1611 1556 1656 ex
1602 1592 1662 1657 vi
1713 1589 2142 1672 generationis

575 1695 828 1753 aeternae
883 1688 1074 1755 Filius
1129 1688 1241 1750 Dei
1291 1686 1594 1753 naturalis
1643 1703 1776 1751 non
1817 1690 1936 1749 est.
1988 1684 2137 1762 Sed,

577 1783 866 1864 quamvis
893 1782 1074 1845 multi
1115 1783 1177 1844 et
1219 1801 1446 1862 graves
1483 1780 1788 1861 Theologi
1825 1781 2137 1858 asserant,

571 1877 640 1943 in
663 1896 740 1940 eo
763 1895 914 1940 casu
937 1876 1238 1956 Spiritum
1261 1877 1562 1942 Sanctum
1593 1876 1678 1953 (et
1696 1875 1865 1957 idem
1889 1891 2142 1952 semper

569 1970 654 2034 de
680 1988 953 2050 persona
984 1970 1186 2032 Patris
1211 1969 1660 2048 intelligatur),
1691 1973 1762 2030 ut
1791 1967 2137 2042 hominem,

571 2066 710 2133 fore
741 2065 941 2130 filium
967 2065 1114 2140 Dei,
1149 2064 1472 2129 neminem
1512 2070 1729 2128 tamen
1767 2079 1872 2126 me
1909 2061 2141 2143 legisse

575 2158 835 2223 memini
881 2164 1274 2223 asserentem
1323 2159 1458 2222 fore
1499 2157 1696 2228 filium
1739 2157 1853 2222 Dei
1900 2155 2142 2236 adopti-

575 2270 750 2328 vum,
772 2253 978 2333 magis
997 2269 1188 2330 quam
1213 2251 1528 2316 Christum
1556 2257 1628 2314 ut
1655 2251 1996 2317 hominem.
2026 2249 2143 2314 Ne·

573 2363 702 2425 que
723 2352 1174 2428 argumentum
1193 2353 1512 2426 quartum,
1537 2347 1601 2409 in
1625 2347 1806 2427 cujus
1827 2345 2140 2409 solutione

572 2459 920 2516 versamur,
949 2440 1072 2504 hoe
1097 2440 1310 2518 infert,
1339 2441 1454 2504 sed
1483 2440 1618 2504 fore
1647 2439 1848 2507 filium
1883 2439 1995 2502 Dei
2030 2456 2141 2502 na-

572 2533 865 2599 turalem.
919 2535 1309 2615 Quapropter
1363 2535 1432 2598 in
1485 2535 1594 2599 illa
1645 2533 1987 2615 negatione
2028 2529 2140 2597 filii

569 2629 844 2709 adoptivi
883 2645 1105 2693 omnes
1139 2628 1550 2693 convenimus
1575 2633 1833 2708 propter
1863 2625 2137 2690 rationes

569 2741 792 2788 omnes
819 2722 900 2785 de
928 2720 1172 2792 Christo
1203 2723 1424 2794 factas,
1447 2739 1720 2802 quarum
1739 2738 1987 2787 summa
2010 2725 2133 2796 est,

569 2817 719 2898 quia
757 2816 860 2880 vel
887 2821 1055 2881 esset
1081 2815 1248 2879 tilius
1289 2833 1406 2894 per
1447 2815 1714 2896 gratiam
1765 2814 2039 2888 unionis,
2072 2818 2137 2876 et

567 2911 709 2974 haec
740 2927 870 2975 non
913 2908 1062 2974 facit
1087 2907 1287 2976 filium
1327 2909 1694 2989 adoptivum
1735 2907 1850 2970 sed
1879 2914 2136 2972 natura-

569 3004 720 3078 lem,
750 3009 820 3066 ut
847 3002 1001 3064 satis
1045 3000 1378 3080 probatum
1407 3008 1522 3074 est,
1563 3019 1713 3066 nam
1743 3000 1957 3080 quoad
2006 3001 2139 3062 haeo

575 3096 800 3162 eadem
829 3101 928 3158 est
949 3094 1114 3158 ratio
1139 3094 1218 3158 de
1247 3095 1480 3158 unione
1504 3093 1897 3176 hypostatica
1928 3094 2144 3158 termi-

572 3195 725 3252 nata
774 3189 856 3252 ad
905 3186 1205 3268 Spiritum
1251 3189 1588 3266 Sanctum,
1635 3188 1738 3257 vel
1763 3187 1848 3255 ad
1895 3188 2141 3264 Filium,

573 3283 722 3362 quia
763 3299 893 3347 non
924 3288 1020 3345 est
1045 3281 1258 3346 minus
1287 3289 1504 3349 sancta
1555 3299 1828 3363 persona
1873 3282 2141 3363 Spiritus

571 3375 806 3450 Sancti,
841 3382 908 3442 et
936 3375 1254 3441 sufficiens
1301 3377 1382 3440 ad
1415 3375 1934 3441 sanctificandam
1958 3382 2143 3440 natu·

571 3489 711 3539 ram
739 3469 858 3532 sihi
888 3471 1152 3543 unitam,
1197 3486 1391 3549 quam
1419 3487 1692 3550 persona
1717 3469 1894 3544 Filii;
1931 3487 2140 3548 neque

575 3564 786 3629 minus
815 3571 980 3628 esset
998 3565 1090 3626 illi
1117 3565 1358 3628 homini
1377 3565 1804 3632 connaturalis
1825 3583 1900 3626 ae
1925 3564 2138 3631 debita

573 3659 916 3723 haereditas
939 3663 1176 3722 aeterna
1193 3703 1212 3733 ,
1239 3677 1358 3722 seu
1377 3659 1488 3737 ,ius
1515 3659 1599 3722 ad
1623 3659 1796 3722 illam
1823 3659 1905 3720 oh
1931 3657 2140 3740 digni·-

575 3758 766 3820 tatem
791 3769 1102 3833 personae,
1130 3769 1324 3831 quam
1345 3752 1534 3819 fuerit
1561 3771 1730 3817 nunc
1755 3752 1967 3816 debita
1994 3753 2141 3817 Ver«-

573 3845 658 3910 bo
707 3846 1028 3912 incarnato
1079 3849 1150 3910 ut
1193 3847 1318 3924 sic;
1350 3865 1484 3910 non
1529 3866 1684 3928 ergo
1740 3852 1955 3927 posset
1990 3853 2140 3910 tune

575 3939 839 4018 Spiritus
866 3942 1136 4006 Sanetus
1161 3948 1230 4004 ut
1251 3941 1442 4006 homo
1465 3942 1592 4007 diei
1617 3942 1782 4006 filius
1811 3939 2140 4020 adoptivus

573 4035 658 4098 oh
685 4036 956 4114 gratiam
989 4037 1260 4100 unionis.
1293 4037 1508 4116 Neque
1539 4037 1732 4102 etiam
1761 4037 1846 4100 ob
1869 4035 2141 4116 gratiam

576 4127 963 4194 habitualem
983 4175 1000 4206 ,
1039 4139 1298 4220 propter
1344 4130 1654 4194 rationem
1695 4135 1949 4204 tactam,
1990 4127 2139 4208 quia

579 4222 722 4286 talis
751 4225 948 4302 gratia
977 4231 1042 4288 et
1065 4231 1454 4303 supponeret
1473 4224 1646 4289 illum
1669 4222 2017 4298 hominem,
2036 4221 2141 4287 cui

577 4316 906 4380 adveniret
929 4362 950 4393 ,
1001 4317 1138 4396 ¹jam
1191 4317 1648 4382 sanctificatum
1699 4334 1816 4396 per
1867 4314 2139 4396 gratiam

579 4407 856 4486 unionis,
896 4414 964 4471 et
1008 4410 1251 4474 ratione
1299 4409 1465 4474 illius
1513 4410 1856 4476 habentem
1900 4409 2007 4488 jus
2056 4409 2140 4475 ad

579 4502 872 4584 gloriam,
925 4508 989 4565 et
1043 4510 1504 4585 consequenter
1553 4503 1744 4568 etiam
1791 4501 2139 4570 habentem

579 4595 1016 4676 perfectiorem
1046 4597 1356 4662 rationem
1379 4597 1518 4673 filii,
1543 4615 1735 4678 quam
1761 4597 1897 4678 ipsa
1923 4605 2141 4678 posset

577 4689 886 4752 conferre.
907 4691 1070 4752 ltem
1097 4697 1266 4764 esset
1289 4691 1371 4754 ab
1393 4692 1728 4756 intrinseco
1756 4691 1988 4771 dehita,
2020 4711 2141 4756 un·-
2170 4777 2173 4780 ἦ

579 4781 660 4844 de
682 4800 812 4846 non
839 4782 1166 4846 adveniret
1188 4803 1475 4866 personae
1499 4791 1836 4860 extraneis,
1857 4792 1971 4851 aut
2002 4786 2137 4850 solo

577 4875 811 4950 affectu
831 4878 1180 4956 conjunctae
1195 4881 1326 4942 Deo
1351 4879 1694 4944 conferenti
1713 4881 2002 4959 gratiam,
2023 4877 2140 4945 >sed

575 4987 716 5049 quae
753 4971 1162 5050 personaliter
1201 4979 1368 5038 esset
1395 4973 1660 5054 ipsemet
1701 4975 2141 5054 Deus.1teque

565 5063 788 5144 quoad
814 5064 936 5131 hoe
960 5065 1188 5130 eadem
1211 5072 1310 5133 est
1330 5069 1488 5140 ratio
1515 5065 1594 5132 de
1617 5068 1898 5148 qualibet
1921 5067 2139 5138 divina

570 5173 842 5238 persona
869 5156 1224 5226 incarnata.

655 5255 752 5318 37.
795 5255 1002 5336 Atque
1049 5255 1195 5318 hine
1223 5261 1682 5336 consequenter
1719 5256 2035 5338 sequitur,
2066 5255 2135 5320 in

571 5365 647 5410 eo
673 5366 828 5412 casu
851 5348 1154 5433 Spiritum
1183 5351 1504 5426 Sanetum,
1533 5357 1602 5415 ut
1629 5352 1974 5426 hominem,
2004 5369 2135 5416 non

569 5441 704 5504 tore
743 5441 944 5506 filium
973 5443 1080 5508 Dei
1115 5463 1230 5524 per
1257 5446 1526 5525 gratiam
1573 5444 1961 5510 habitualem
1972 5461 1993 5524 3
2024 5464 2137 5510 ne·

2228 387 2353 450 qne
2378 369 2655 450 aliquem
2690 365 2880 435 etiam
2908 363 3061 446 legi,
3084 359 3195 442 qui
3244 360 3569 440 oppositum
3588 363 3702 428 dixe-

2226 464 2307 528 rit
2334 470 2443 529 aut
2467 460 2773 536 docuerit,
2796 477 2926 531 non
2950 455 3207 538 quidem
3244 460 3489 534 propter
3514 474 3625 520 eam
3645 477 3707 522 ra·

2228 558 2489 630 tionem,
2510 555 2681 638 quod
2706 554 2841 627 haee
2864 551 3065 634 gretia
3094 567 3231 612 non
3250 546 3437 615 faciat
3458 547 3619 612 filium
3633 552 3707 614 Dei

2230 651 2621 724 naturalem,
2654 667 2803 716 enm
2833 646 2943 730 qui
2974 644 3127 718 alias
3152 661 3238 715 ex.
3266 641 3327 704 vi
3366 646 3707 724 generationis

2228 753 2483 812 eternae
2518 745 2715 809 Filius
2746 742 2863 813 Dei
2904 738 3211 808 naturalis
3248 755 3379 801 non
3414 741 3528 810 est3
3556 739 3643 802 sed
3660 742 3711 805 01³

2230 860 2371 907 eam
2408 841 2621 921 potius
2670 855 2924 908 causam
2942 879 2963 911 ,
2996 832 3165 914 quod
3197 832 3336 900 haee
3362 831 3549 910 gratia
3583 836 3713 896 etiam

2226 937 2437 1016 ipsum
2468 934 2779 999 Christum
2809 937 2879 992 ut
2914 927 3243 1002 homiuem
3264 942 3397 989 non
3421 923 3553 986 facit
3576 925 3713 988 filium

2224 1031 2339 1095 Dei
2362 1028 2743 1100 naturalem,
2770 1026 2961 1088 etiam
2990 1023 3043 1086 si
3070 1023 3207 1102 ipse
3235 1018 3393 1083 >alias
3418 1037 3492 1082 ex
3513 1020 3563 1082 vi
3584 1039 3714 1098 gene-

2226 1123 2485 1190 rationis
2516 1128 2765 1189 aeternoe
2790 1119 2871 1185 sit
2907 1117 3095 1190 Filius
3120 1114 3237 1178 Dei
3268 1112 3581 1188 naturalis;
3614 1133 3713 1194 ergo

2224 1215 2447 1281 eodem
2477 1214 2576 1282 ,vel
2602 1214 2824 1294 majori
2868 1213 3110 1281 ratione
3138 1225 3275 1273 non
3318 1213 3521 1290 posset
3552 1210 3713 1270 consti-

2224 1316 2402 1374 tuere
2432 1309 2729 1390 Spiritum
2756 1307 3080 1378 Sanctum,
3116 1309 3189 1367 ut
3216 1301 3553 1375 hominem,
3577 1302 3715 1363 filium

2220 1405 2335 1472 Dei
2384 1402 2773 1474 naturalem;
2810 1406 3133 1469 ostensum
3182 1403 3285 1463 est
3326 1401 3531 1461 autem
3566 1414 3711 1476 neque

2222 1497 2589 1580 adoptivum
2619 1513 2805 1578 posse
2834 1493 3258 1564 constituere;
3294 1489 3633 1568 relinquitur
3652 1509 3713 1552 er-

2222 1612 2331 1676 go,
2367 1592 2667 1673 Spiritum
2718 1590 3042 1662 Sanctum,
3090 1588 3163 1649 ut
3217 1583 3551 1658 homiuem,
3594 1585 3711 1646 nullo

2220 1688 2409 1752 modo
2439 1687 2635 1751 fuisse
2668 1679 3423 1749 constituendumfilium
3450 1695 3551 1758 per
3580 1678 3713 1740 talem

2222 1781 2513 1864 gratiam.
2538 1778 2719 1844 Ratio
2750 1783 2967 1843 autem
2992 1772 3321 1856 generalis
3350 1777 3448 1834 est
3462 1777 3604 1837 taeta
3626 1789 3710 1834 see·
3765 1835 3766 1856 ἢ

2220 1880 2391 1942 tione
2438 1873 2815 1958 precedenti
2829 1916 2852 1949 ,
2898 1872 3051 1952 quia
3094 1870 3455 1948 cuicunque
3498 1885 3709 1946 persons
3765 1865 3766 1882 *

2222 1973 2445 2038 divium
2474 1973 2815 2034 incarnatae
2856 1966 3061 2048 gratia
3102 1962 3449 2034 habitualis
3483 1979 3591 2025 non
3614 1980 3709 2024 eon·

2220 2066 2419 2130 fertur
2442 2081 2557 2147 per
2582 2055 2845 2127 modum
2866 2077 3042 2124 uovae
3066 2054 3515 2140 generationis,
3536 2054 3709 2132 sedper

2221 2159 2481 2227 modurn
2498 2155 2899 2239 proprietatis
2924 2151 3411 2216 concomitantis
3430 2148 3657 2232 priorem
3668 2153 3704 2208 ei

2222 2253 2728 2322 excellentiorem
2757 2248 3045 2330 gratiam.
3080 2245 3265 2309 Unde
3292 2244 3479 2316 etiam
3500 2242 3577 2317 fit,
3601 2248 3649 2300 ut
3666 2241 3704 2302 in
3765 2303 3766 2318 1

2221 2347 2331 2410 tali
2359 2363 2629 2428 persona
2672 2344 2777 2406 illa
2802 2342 3004 2422 gratia
3044 2358 3175 2403 non
3206 2337 3489 2403 conferat
3510 2337 3703 2416 primun

2222 2447 2285 2504 et
2314 2439 2591 2504 radicale
2622 2438 2729 2517 jus
2770 2435 2855 2498 ad
2896 2433 3355 2498 haereditatem.
3384 2433 3461 2496 Et
3494 2431 3610 2492 ideo
3630 2447 3703 2492 nee
3765 2505 3766 2520 3

2220 2535 2539 2600 constituit
2576 2533 2776 2600 filium
2828 2529 3219 2610 adoptivum,
3252 2544 3377 2588 nee
3418 2525 3631 2594 omniuo
3660 2523 3703 2584 fi-

2216 2629 2404 2702 lium;
2434 2627 2607 2708 quia,
2637 2626 2801 2691 sicut
2828 2622 3045 2704 gratiss
3072 2620 3382 2687 habituali
3408 2637 3525 2683 non
3551 2623 3623 2680 est
3644 2635 3701 2677 es-

2218 2723 2481 2789 seutiale
2533 2719 2911 2786 constituere
2966 2716 3165 2787 filium
3218 2714 3583 2796 adoptivum,
3624 2709 3699 2774 nisi
3765 2713 3766 2744 ³

2218 2817 2539 2899 supposita
2568 2831 2841 2897 persona
2864 2818 3162 2877 extranea
3186 2854 3205 2884 ,
3250 2828 3367 2872 seu
3390 2807 3573 2889 (quod
3590 2807 3701 2866 idem

2224 2914 2342 2990 est)
2370 2909 2694 2991 supposita
2732 2905 3070 2987 negatione
3112 2901 3532 2971 connaturalis
3552 2899 3698 2974 debiti,

2224 3013 2336 3070 aut
2384 3004 2621 3068 altioris
2672 2999 3135 3083 conjunctionis
3188 3017 3337 3066 eum
3376 2999 3529 3073 Deo,
3572 3011 3700 3075 quam

2222 3100 2423 3182 possit
2448 3117 2563 3180 per
2592 3099 2791 3178 ipsam
2824 3096 3089 3178 gratiam
3118 3101 3182 3156 et
3208 3092 3471 3174 gloriam
3496 3088 3700 3166 fieri,ita

2222 3214 2355 3258 non
2378 3200 2475 3258 est
2502 3189 2835 3256 essentiale
2862 3189 3010 3252 huie
3052 3187 3283 3269 gratiae‘
3310 3184 3473 3267 quod
3495 3183 3641 3249 faciat
3656 3179 3699 3242 fi·

2220 3289 2399 3363 lium,
2446 3286 2566 3352 nisi
2612 3284 2937 3366 supposita
2982 3281 3169 3347 simili
3214 3281 3571 3361 negatione,
3608 3292 3698 3356 qua

2221 3382 2581 3446 necessaria
2598 3385 2719 3456 est,
2741 3383 2813 3440 ut.
2840 3379 2975 3458 ipsa
3000 3376 3189 3440 detur
3214 3393 3333 3456 per
3358 3374 3587 3440 modum
3604 3388 3697 3450 pro·

2220 3476 2371 3558 prim
2390 3493 2465 3538 ac
2486 3492 2599 3554 per
2618 3491 2686 3536 se
2708 3469 3157 3562 generationis,
3182 3475 3252 3532 et
3272 3475 3341 3535 ut
3360 3466 3605 3532 conferat
3618 3461 3697 3544 pri·

2220 3587 2397 3634 mum
2426 3573 2490 3633 et
2514 3565 2792 3632 radicale
2806 3569 2915 3646 jus
2940 3563 3024 3631 ad
3048 3563 3342 3643 gloriam.

2300 3665 2401 3728 38.
2448 3659 2791 3728 Difficultas
2814 3676 2969 3738 erge
3000 3663 3165 3723 taeta
3195 3658 3267 3720 in
3296 3656 3399 3724 illo
3426 3658 3610 3736 qmrto
3632 3669 3697 3716 ar·

2220 3762 2524 3837 gumento
2556 3773 2686 3821 non
2730 3757 3016 3822 versatur
3062 3751 3143 3818 de
3196 3751 3397 3832 gratia
3435 3745 3691 3818 habituali,
3765 3821 3766 3840 ἦ

2221 3849 2337 3914 sed
2358 3849 2441 3914 de
2470 3849 2675 3930 gratia
2698 3847 2943 3910 unionis
2958 3861 2979 3924 3
3012 3848 3076 3913 et
3104 3843 3185 3908 de
3220 3845 3340 3914 hac
3366 3861 3477 3924 ego
3498 3842 3695 3916 elimas-

2220 3945 2416 4018 serui,
2442 3944 2511 4006 in
2544 3961 2623 4006 eo
2652 3961 2805 4007 casu
2832 3940 3133 4022 Spiritum
3156 3941 3451 4007 Sanctum
3478 3944 3535 4003 ut
3556 3933 3690 4000 homi·
3765 4003 3766 4024 1

2220 4056 2370 4102 nem
2394 4055 2541 4102 eum
2578 4036 2803 4101 eadem
2832 4035 3097 4099 veritate
3120 4041 3187 4100 et
3228 4033 3575 4114 proprietate
3596 4043 3689 4090 esse
3765 4027 3766 4056 ³

2220 4132 2560 4198 dicendum
2596 4131 2800 4200 filium
2824 4130 2941 4194 Dei
2974 4129 3335 4196 naturalem
3372 4146 3477 4210 per
3498 4123 3685 4207 gratiam

2220 4227 2499 4304 unionis,
2542 4243 2669 4308 qua
2704 4224 2772 4288 id
2820 4243 2992 4290 nune
3036 4223 3266 4286 dicimr
3308 4221 3389 4286 de
3426 4219 3619 4284 Christo
3644 4218 3685 4272 ul

2220 4322 2501 4397 homine,
2546 4321 2617 4384 in
2644 4337 2839 4384 sensu
2877 4319 3187 4384 hactenus
3232 4321 3502 4382 tractato.
3548 4312 3681 4386 Quam

2220 4414 2600 4481 sententiam
2656 4413 2796 4477 aliis
2840 4413 3055 4476 multis
3104 4411 3419 4492 perductis
3456 4404 3682 4490 manniae
3765 4399 3766 4490 ff

2218 4508 2427 4586 video,
2470 4513 2535 4572 et
2572 4506 2643 4570 in
2688 4526 2766 4570 ea
2796 4504 3263 4588 persistendum
3304 4520 3533 4576 comm,
3562 4493 3678 4578 quid·

2218 4601 2373 4682 qnid
2398 4601 2687 4664 nonnulli
2725 4600 2831 4664 alii
2864 4600 3363 4665 obmurmurant.
3406 4597 3541 4660 Nam
3574 4587 3677 4688 ratio

2218 4696 2533 4760 insanum
2572 4693 2817 4758 videtur
2840 4693 2997 4758 mihi
3026 4694 3419 4768 convineens,
3442 4694 3573 4769 inam
3594 4685 3675 4760 81³1·

2216 4789 2371 4852 ritus
2390 4789 2677 4864 Sanetus,
2698 4793 2771 4853 ut
2788 4789 3001 4862 homo,
3026 4793 3192 4857 esset
3218 4801 3393 4866 esque
3412 4786 3612 4848 sanctus
3630 4789 3675 4832 ³⁰

2218 4881 2495 4946 Christus
2524 4900 2605 4946 ex
2628 4881 2695 4946 vi
2726 4879 2995 4956 unionis,
3024 4885 3093 4945 et
3120 4879 3378 4947 haberet
3398 4867 3672 4955 aqualejsss

2216 4975 2301 5039 ad
2346 4975 2627 5048 divinam
2670 4974 3139 5049 haereffltstem3
3192 4991 3339 5041 nam
3388 4979 3451 5040 et
3482 4975 3673 5048 persona

2216 5071 2353 5149 ipsa
2378 5071 2763 5150 est-aequalis
2786 5069 3133 5134 sanctitatis
3160 5075 3224 5136 et
3246 5063 3671 5149 dignitatiseffl
3765 5093 3766 5108 ¹

2216 5171 2393 5244 parte
2423 5165 2677 5234 unionis
2709 5163 3143 5246 hypostaticis,
3184 5165 3254 5226 nt
3282 5173 3551 5241 suppono,
3584 5161 3671 5212 ¹³⁰³

2214 5263 2423 5339 potest
2466 5275 2605 5322 esse
2672 5257 3067 5340 inaequalitas
3104 5276 3121 5332 ς
3180 5257 3290 5320 sed
3350 5253 3587 5320 christun,
3624 5242 3669 5300 ¹¹i

2216 5353 2428 5428 homo,
2452 5370 2581 5414 non
2607 5357 2705 5418 est
2729 5352 2895 5416 filius
2914 5352 3029 5418 Dei
3046 5337 3668 5430 naturalispermtiw

2216 5448 2465 5510 unionis
2482 5493 2497 5523 ,
2534 5447 2657 5512 nisi
2686 5447 2771 5510 ob
2794 5447 3157 5528 predictum
3178 5446 3281 5526 ‚ins
3316 5445 3375 5508 in
3400 5425 3663 5506 talimeti·
