3892 6167
553 353 634 414 60
1810 348 2041 412 ΩυᾸΞῦΤ.
2080 347 2161 400 ΧΙ.
2198 347 2397 402 Anne.
2437 349 2493 399 V.

549 453 826 517 scientia}
851 452 1070 522 beatae,
1097 467 1212 530 per
1229 465 1422 529 quam
1448 453 1590 510 actu
1620 463 1870 528 semper
1897 443 2111 509 omnia
2152 463 2161 472 ·
2190 461 2305 524 per
2326 444 2586 507 modum
2630 442 2925 524 simplicis
2954 439 3186 504 intelli
3194 437 3470 520 gentiae.
3506 437 3776 506 Probatur

550 547 926 618 considerat,
971 544 1054 605 ad
1085 541 1520 623 applicandam
1560 560 1674 622 per
1721 541 2111 603 voluntatem

2191 540 2417 620 prime,
2448 539 2595 619 quia
2624 539 2839 600 lumen
2868 538 3077 619 hujus
3097 535 3407 598 scientiae
3436 535 3778 613 perfectissi-

553 657 732 703 suam
753 641 916 701 hanc
929 639 1255 701 scientiam
1277 637 1638 699 inferiorem
1669 637 1750 699 ad
1780 643 1991 698 actum
2012 653 2112 696 sc·
2190 651 2366 694 mum
2410 640 2525 706 est,
2560 632 2872 694 excedens
2918 633 3170 694 lumen
3204 626 3605 704 angelicum,
3637 635 3695 690 ut
3718 633 3773 690 D.

552 735 850 797 cundum.
921 733 1034 794 Vel
1099 731 1375 795 secundo
1399 775 1418 806 ,
1487 729 1759 794 dicendo
1832 730 2111 791 animam

552 831 772 894 Christi
801 847 1052 909 semper
1089 829 1487 890 considerare
1515 827 1736 906 aliquo
1783 824 1972 886 modo
2000 841 2115 904 per

552 925 768 986 lumen
821 923 1010 1002 hujus
1065 923 1372 998 scientim,
1423 921 1769 1001 ipsummet
1807 919 2021 980 lumen
2053 921 2116 979 et

553 1017 796 1096 species
851 1015 1274 1095 intelligibiles
1305 1016 1464 1095 ejus,
1517 1021 1826 1091 tanquam
1863 1012 2117 1092 perfec-

553 1109 757 1172 tiones
785 1109 902 1170 sibi
927 1109 1340 1180 inhaerentes:
1375 1107 1734 1170 sicutenim
1761 1106 1870 1168 illa
1899 1107 2113 1166 anima

553 1219 804 1283 semper
831 1209 976 1265 actu
1021 1201 1379 1264 considerat
1430 1202 1724 1282 seipsam,
1784 1201 1873 1262 ita
1923 1200 2111 1261 etiam

555 1298 912 1358 considerat
939 1315 1158 1359 omnes
1191 1297 1522 1360 facultates
1551 1313 1724 1368 suae,
1769 1301 1834 1356 et
1878 1293 2115 1372 perfec-

554 1389 758 1452 tiones
791 1407 1030 1466 earum,
1083 1397 1148 1454 et
1173 1393 1306 1453 hoec
1337 1390 1607 1472 cognitio
1659 1395 1756 1451 est
1796 1387 2115 1450 sufficiens

555 1489 626 1544 ut
655 1485 987 1548 antecedat
1029 1484 1202 1547 illam
1233 1485 1645 1560 voluntatem,
1684 1502 1801 1564 per
1825 1500 2019 1562 quam
2044 1499 2114 1544 se

557 1576 827 1660 applicat
854 1579 936 1641 ad
963 1585 1136 1641 actus
1169 1578 1481 1640 secundos
1507 1577 1698 1657 hujus
1735 1575 2031 1640 scientiae.

1177 1763 1394 1818 sEc‘rlo
1428 1766 1485 1816 li.

564 1883 754 1944 Utrum
788 1893 945 1944 actus
992 1883 1152 1961 hujus
1191 1887 1438 1944 scientiae
1465 1887 1540 1943 sit
1570 1901 1675 1960 per
1714 1884 1936 1943 modum
1980 1879 2118 1940 sivit·

623 1971 794 2046 plicis
844 1971 1244 2046 intelliqen-tiae,
1289 1975 1376 2030 vel
1432 1973 1848 2048 compositionis
1895 1979 1951 2028 et
1994 1969 2117 2027 dis·-

631 2073 847 2115 cursus.

641 2228 700 2286 l.
745 2224 993 2305 Triplex
1021 2231 1226 2304 potest
1259 2244 1398 2288 esse
1429 2225 1680 2287 dicendi
1703 2223 1967 2286 modus:
1994 2223 2122 2303 pri-

555 2336 698 2382 mus
717 2325 838 2393 est,
864 2318 1126 2380 modum
1152 2319 1456 2398 operandi
1479 2319 1664 2398 hujus
1683 2316 1957 2381 scientim
1982 2333 2119 2378 esse

461 2409 464 2413 ’
557 2410 854 2474 eumdem
883 2413 990 2492 qni
1034 2418 1130 2474 est
1161 2413 1397 2474 homini
1427 2411 1892 2486 connaturalis,
1929 2415 2121 2487 atque

555 2503 718 2566 adeo
749 2523 864 2585 per
901 2505 1160 2568 modum
1193 2505 1656 2584 compositionis
1685 2511 1748 2568 et
1771 2503 2117 2566 discursus.

555 2596 650 2660 Ita
671 2602 848 2659 tenet
876 2598 1232 2660 Alexander
1253 2598 1487 2671 Aleos„
1517 2599 1558 2659 3
1578 2615 1670 2676 p.‚
1695 2616 1757 2677 q.
1783 2599 1880 2670 13,
1909 2601 2029 2657 art.
2054 2597 2117 2670 ὃς

555 2689 859 2762 Durand.,
882 2693 944 2764 3,
961 2692 1027 2753 d.
1047 2695 1146 2766 14,
1171 2709 1234 2771 q.
1257 2693 1320 2754 3.
1345 2691 1852 2752 Fundamentum
1877 2689 2122 2752 Alensis

560 2799 702 2844 esse
726 2781 1000 2860 videtur,
1027 2785 1178 2862 quia
1205 2802 1334 2845 non
1367 2784 1545 2863 ponit
1575 2784 1738 2844 hanc
1765 2782 2117 2854 scientiam,

557 2875 682 2938 nisi
716 2891 831 2954 per
867 2877 1162 2939 accidens
1211 2878 1513 2950 in'fusam3
1551 2877 1663 2938 sed
1695 2875 1816 2936 hoe
1853 2876 1989 2954 jam
2022 2891 2123 2936 re-

551 2971 792 3050 jectum
813 2977 926 3032 est.
943 2969 1445 3035 Fundamentum
1469 2977 1678 3033 autem
1697 2969 1981 3032 Durandi
2002 2973 2118 3042 est,

555 3064 706 3141 quia
731 3063 942 3124 anima
962 3063 1188 3124 Christi
1221 3081 1344 3125 non
1369 3064 1558 3126 simul
1588 3063 1800 3126 omnia
1820 3079 1936 3142 per
1960 3063 2123 3124 hanc

558 3155 892 3217 scientiam
955 3157 1312 3220 considerat
1344 3178 1359 3231 3
1419 3175 1570 3236 ergo
1635 3175 1711 3218 ex
1765 3155 2121 3236 cognitione

557 3250 750 3311 nnius
779 3252 1061 3330 pervenit
1089 3252 1153 3314 in
1184 3252 1606 3334 cognitionem
1639 3251 1919 3324 alterius,
1952 3250 2123 3328 quod

560 3349 658 3404 est
685 3342 1065 3406 discurrere.
1099 3339 1726 3423 Quoe'consequentia
1759 3343 1989 3404 nullius
2024 3347 2124 3404 est

557 3438 902 3513 momenti3
961 3436 1133 3498 aliud
1177 3444 1274 3500 est
1307 3439 1474 3499 enim
1510 3453 1892 3516 cognoscere
1923 3453 2123 3497 unum

557 3535 702 3609 post
729 3529 899 3590 aliud
921 3577 935 3604 ,
985 3530 1157 3591 aliud
1201 3547 1588 3609 cognoscere
1615 3547 1814 3592 unum
1864 3547 1939 3591 ex
1968 3528 2118 3604 alio,

559 3623 729 3702 quod
777 3630 873 3685 est
903 3623 1285 3695 discurrere;
1327 3624 1480 3685 alias
1508 3624 1732 3685 eodem
1759 3622 1951 3684 modo
1978 3639 2121 3701 pro-

558 3717 816 3779 baretur
849 3716 1126 3795 Angelos
1154 3717 1440 3798 indigere
1471 3717 1774 3779 discursu.

636 3813 698 3874 2.
747 3810 1077 3872 Secundus
1106 3810 1332 3872 modus
1366 3810 1617 3872 dicendi
1649 3817 1764 3884 est,
1789 3810 2115 3891 proprium

558 3907 767 3964 actum
805 3904 994 3983 hujus
1019 3904 1298 3966 scientiae
1347 3921 1488 3966 esse
1533 3921 1646 3984 per
1670 3903 1932 3964 modum
1975 3901 2119 3963 sim·

559 3995 738 4076 plicis
770 3995 1218 4077 intelligentiae,
1243 3997 1681 4079 cognoscendo
1708 3995 2115 4077 praedicatum

559 4089 622 4149 in
649 4087 956 4168 subjecte,
985 4097 1048 4152 et
1083 4090 1555 4152 conclusionem
1583 4089 1648 4150 in
1679 4089 2010 4169 principio,
2034 4087 2122 4149 esa

467 4231 471 4235 .
557 4183 794 4244 fectum
812 4181 876 4242 in
904 4201 1118 4249 causa.
1148 4189 1210 4244 et
1230 4201 1484 4244 causam
1513 4184 1578 4244 in
1607 4182 1871 4255 effectu3
1900 4181 2123 4244 nihilo·

560 4275 768 4335 minus
798 4280 1012 4336 tamen
1031 4275 1310 4354 potuisse
1341 4276 1647 4336 Christum
1667 4274 1753 4335 uti
1781 4274 1903 4336 hac
1926 4275 2123 4335 scien-

555 4368 664 4443 tia,
711 4366 1150 4447 componendo
1199 4369 1298 4430 vel
1351 4367 1783 4429 discurrendo·
1821 4368 1969 4430 Hoee
2024 4372 2124 4429 est

561 4460 872 4522 sententia
955 4461 1238 4522 omnium
1306 4461 1798 4535 Themistarum,
1871 4461 2125 4523 videtur

560 4556 728 4617 enim
759 4555 1047 4615 docuisse
1073 4554 1244 4615 illam
1280 4548 1348 4615 D.
1377 4556 1653 4616 Thomas
1681 4555 1805 4629 hic,
1829 4561 1946 4616 art.
1978 4557 2037 4616 3.

639 4649 698 4709 3.
744 4648 952 4709 Tertia
997 4665 1150 4709 vero
1194 4648 1504 4709 sententia
1541 4654 1657 4722 est,
1685 4654 1896 4710 actum
1931 4647 2123 4726 hujus

561 4741 834 4803 scientiae
858 4759 1106 4822 semper
1123 4759 1197 4802 ac
1214 4743 1566 4804 necessario
1583 4760 1724 4804 esse
1746 4741 2119 4822 simplicem,

559 4852 680 4896 nec
703 4850 887 4912 posse
911 4835 1046 4896 fieri
1083 4853 1227 4895 cum
1253 4851 1400 4895 vera
1427 4835 1885 4914 compositione
1915 4840 1979 4897 et
2002 4833 2124 4896 dis·-

559 4931 891 4991 cursu.1ta
920 4934 1092 4992 tenet
1106 4930 1374 5004 Bonam,
1397 4931 1461 4990 in
1487 4932 1549 5003 3,
1576 4930 1638 4990 d.
1667 4931 1767 5004 14,
1793 4947 1853 4990 a.
1877 4929 1938 5004 3,
1962 4945 2024 5006 q.
2048 4931 2115 5002 2;

563 5029 630 5084 et
664 5022 869 5098 Rich„
901 5030 1018 5084 art.
1043 5025 1104 5095 4,
1137 5041 1199 5103 q.
1230 5024 1286 5084 3.
1321 5021 1472 5094 Quae
1503 5022 1813 5086 sententia
1841 5021 1995 5082 mihi
2026 5039 2125 5083 ve·

561 5116 877 5177 risimilior
915 5116 1184 5179 videtur.

641 5215 702 5271 4.
749 5209 945 5274 Actus
969 5211 1240 5274 seientia
1263 5213 1483 5287 infusa»
1509 5209 1746 5275 Christi
1759 5227 1872 5292 per
1885 5207 2127 5272 modum

561 5306 868 5385 simplicis
904 5304 1341 5388 intelliyenlioe.
1368 5337 1449 5352 --
1469 5303 1566 5366 Ad
1588 5321 1778 5384 qnam
1811 5302 2126 5383 explican-

561 5399 733 5474 dam,
769 5397 910 5460 dico
962 5397 1167 5479 primo
1197 5417 1209 5458 :
1246 5399 1383 5460 baec
1431 5396 1686 5460 scientia
1729 5402 1956 5458 natura
2011 5412 2125 5455 sua

561 5511 687 5555 non
715 5499 807 5556 est
835 5491 1202 5568 discursiva,
1247 5492 1360 5553 sed
1385 5498 1478 5556 est
1508 5491 1589 5554 ad
1608 5487 2120 5572 cognoscendum

2193 726 2417 788 Thom.
2450 727 2667 800 etiam,
2698 731 2817 788 art.
2846 727 2908 796 4,
2938 725 3208 786 docuit.
3274 723 3525 782 Rursus
3568 723 3777 800 species

2194 819 2471 902 perfecte
2498 825 2953 900 repraesentant
2982 836 3102 880 res
3132 821 3345 896 prout
3398 813 3467 874 in
3507 831 3575 874 se
3622 823 3771 890 sunt;

2196 921 2345 976 sunt
2371 914 2559 976 etiam
2594 913 3007 988 universales,
3028 918 3113 972 ut
3148 909 3331 971 infra
3366 909 3773 981 ostendemus;

2196 1025 2349 1088 ergo
2378 1013 2603 1069 natura
2630 1023 2745 1070 sua
2794 1007 3091 1086 praebent
3124 1006 3265 1064 vim
3302 1001 3393 1064 ad
3422 1021 3777 1083 cognoscen-

2194 1099 2345 1162 dum
2380 1101 2655 1181 perfecte
2686 1118 2789 1162 res
2838 1103 3394 1180 repraesentataS,
3420 1113 3779 1175 cognoscen·

2194 1195 2277 1258 do
2329 1201 2392 1256 et
2430 1195 2733 1258 intuendo
2770 1194 3223 1274 proprietates
3282 1191 3393 1251 vel
3456 1189 3701 1251 effectus
3726 1189 3773 1249 in

2196 1288 2328 1349 suis
2374 1287 2715 1368 principiis.
2756 1289 2831 1349 Et
2885 1285 3341 1348 confirmatur
3390 1281 3622 1363 primo,
3656 1284 3774 1359 quia

2196 1401 2311 1464 per
2360 1399 2557 1444 unum
2610 1389 2816 1445 actum
2859 1383 3056 1460 hujus
3092 1379 3405 1442 scientim
3428 1383 3683 1458 possunt
3704 1376 3777 1438 in·

2198 1475 2445 1538 tardum
2477 1477 2661 1538 simul
2687 1475 2883 1537 videri
2914 1493 3014 1537 res
3048 1474 3292 1548 variae,
3329 1471 3528 1534 etiam
3561 1471 3611 1530 si
3636 1471 3773 1530 inter

2199 1587 2267 1631 se
2290 1570 2476 1631 aliam
2500 1570 2957 1632 connexionem
2985 1585 3126 1629 non
3152 1566 3486 1640 habeant,
3498 1564 3615 1625 nisi
3634 1563 3771 1643 quod

2196 1681 2312 1744 per
2340 1662 2631 1726 eamdem
2684 1663 2957 1743 speciem
2996 1665 3574 1741 repraesentantur
3587 1675 3607 1734 3
3648 1675 3771 1736 ergo

2198 1757 2396 1820 multo
2426 1758 2629 1838 magis
2658 1761 3131 1838 cognoscentnr
3180 1771 3329 1814 uno
3361 1759 3515 1815 actu
3542 1750 3770 1830 simplici

2196 1869 2268 1912 ea
2322 1869 2465 1930 quae
2492 1852 2657 1913 inter
2682 1869 2747 1912 se
2796 1853 3313 1924 connectuntur,
3348 1853 3421 1909 ut
3456 1844 3769 1924 proprietas

2199 1950 2262 2005 ct
2306 1943 2705 2024 principium,
2742 1945 2842 2005 vel
2880 1949 2951 2005 ut
2990 1961 3202 2004 causa
3256 1948 3325 2002 et
3378 1940 3661 2013 effectus,
3686 1939 3772 1997 aut

2204 2038 2325 2100 alio
2356 2037 2541 2100 simili
2568 2037 2781 2100 modo.
2815 2037 3098 2098 Tandem
3152 2035 3611 2106 confirmatur,
3650 2029 3767 2110 quia

2205 2138 2529 2192 ostensum
2584 2137 2701 2206 est,
2752 2136 2815 2192 et
2850 2130 3013 2192 infra
3042 2131 3299 2192 iterum
3334 2128 3608 2194 dicetur,
3638 2124 3769 2183 hanc

2204 2225 2530 2286 scientiam
2561 2241 2699 2284 esse
2724 2223 3179 2303 perfectiorem
3208 2220 3513 2301 angelica
3531 2233 3551 2297 ;
3570 2217 3673 2278 secl
3691 2233 3765 2276 ac·

2201 2323 2305 2379 tus
2351 2316 2626 2378 scientias
2654 2316 2959 2396 angelicae
2980 2322 3075 2378 est
3103 2333 3233 2396 per
3254 2313 3533 2376 modum
3569 2308 3765 2389 simpli·

2202 2411 2294 2472 cis
2326 2411 2783 2490 intelligentioe3
2812 2427 2989 2490 ergo.
3018 2411 3097 2470 Et
3118 2410 3193 2470 in
3218 2409 3351 2471 hac
3382 2404 3761 2470 conclusione

2201 2504 2586 2568 conveniunt
2630 2508 2922 2566 auctores
2964 2503 3170 2576 tertiae
3216 2509 3286 2566 et
3316 2498 3618 2564 secundae
3650 2512 3762 2555 sen-

2200 2597 2429 2660 tentioe.

2284 2694 2344 2753 5.
2370 2688 3321 2770 objectio.—Respomi0.—Sed
3346 2687 3539 2767 objici
3558 2687 3757 2764 potest,

2202 2802 2349 2845 nam
2369 2801 2489 2863 *per
2512 2783 2676 2845 hanc
2696 2785 3023 2846 scientiam
3048 2784 3477 2864 cognoscitur
3493 2782 3651 2842 Deus
3669 2793 3757 2855 per

2204 2879 2465 2940 effectus
2494 2895 2665 2951 sum,
2688 2884 2759 2940 ut
2779 2878 3119 2941 dicendum
3142 2884 3280 2951 θεὶς
3306 2877 3439 2938 alio
3468 2893 3615 2953 ergo
3642 2875 3757 2931 actu

2203 2971 2603 3052 cognoscitur
2650 2971 2839 3045 Deus,
2890 2977 2955 3033 et
3003 2971 3130 3033 alio
3192 2972 3473 3034 effectus
3520 2969 3665 3047 eJuS,
3708 2968 3753 3022 et

2202 3083 2367 3125 unus
2396 3070 2573 3126 actus
2602 3081 2680 3126 ex
2714 3064 2837 3125 alio
2876 3065 3107 3138 oritur;
3142 3083 3306 3145 ergo
3336 3063 3487 3125 talis
3514 3055 3753 3138 cognitio

2202 3157 2557 3218 necessario
2582 3157 2654 3218 fit
2680 3175 2795 3237 per
2820 3157 3199 3218 discursum.
3234 3155 3635 3219 Antecedens
3670 3167 3754 3229 pa-

2202 3257 2313 3325 tet,
2344 3251 2493 3329 quia
2527 3268 2669 3311 cum
2720 3251 2994 3330 cognitio
3030 3251 3303 3312 effectus
3348 3251 3433 3311 sit
3463 3245 3751 3309 intuitiva.

2203 3344 2475 3424 cognitio
2504 3349 2718 3405 autem
2746 3344 2855 3404 Dei
2890 3344 3299 3416 abstractiva,
3328 3349 3395 3405 et
3424 3359 3551 3403 una
3576 3338 3647 3398 sit
3673 3353 3753 3396 eo-

2203 3439 2397 3518 gnitio
2422 3439 2675 3517 propria
2704 3445 2767 3500 et
2796 3458 2833 3499 a
2860 3439 3075 3519 priori,
3102 3445 3167 3500 et
3199 3438 3330 3500 alia
3363 3457 3403 3499 a
3434 3429 3750 3517 posteriori,

2200 3548 2329 3592 non
2356 3531 2651 3592 videntur
2693 3549 2879 3612 posse
2919 3532 2984 3593 in
3032 3533 3341 3594 eumdem
3372 3538 3582 3593 actum
3610 3523 3751 3586 coin-

2202 3624 2433 3685 cidere.
2486 3626 2967 3704 Respondetur:
3001 3631 3209 3704 potest
3257 3625 3513 3706 primo,
3554 3616 3748 3682 eodem

2200 3725 2345 3780 actu
2398 3735 2524 3796 quo
2570 3719 2831 3780 effectus
2882 3719 3157 3800 perfecte
3214 3717 3637 3800 cognoscitur,
3664 3725 3749 3771 co-

2200 3811 2413 3891 gnosci
2440 3829 2632 3873 causa
2652 3811 2719 3872 in
2746 3812 2973 3875 effectu
2995 3827 3016 3890 3
3042 3819 3194 3875 tunc
3228 3813 3403 3874 enim
3436 3809 3539 3872 illa
3566 3799 3747 3882 cogni·

2200 3903 2285 3966 tio
2320 3921 2547 3976 causae,
2580 3906 2727 3984 quia
2756 3905 2945 3967 veluti
2976 3911 3455 3985 consequenter
3490 3920 3557 3964 se
3583 3896 3744 3959 habet

2202 3997 2283 4058 ad
2308 3997 2483 4058 illum
2510 4003 2745 4072 actum,
2772 4005 2835 4061 et
2858 3999 3005 4078 quia
3036 4015 3227 4060 causa
3254 4017 3385 4060 non
3416 4013 3531 4078 per
3552 4009 3615 4054 se
3640 3986 3742 4070 pri·

2202 4108 2305 4152 mo
2356 4088 2793 4172 cognoscitur,
2828 4092 2938 4154 sed
2982 4098 3299 4172 quatenus
3350 4104 3629 4154 connexa
3670 4083 3743 4140 est

2204 4199 2346 4244 cum
2378 4185 2625 4260 effectu,
2652 4184 2795 4246 ideo
2831 4201 2945 4265 per
2969 4203 3037 4248 se
3072 4203 3199 4247 non
3226 4187 3339 4247 dat
3374 4197 3597 4246 novam
3626 4191 3740 4254 spe·

2203 4277 2362 4338 ciem
2391 4278 2579 4340 actui.
2610 4277 2688 4338 Et
2712 4278 2831 4338 boc
2860 4279 3049 4340 modo
3078 4279 3355 4358 cognitio
3390 4274 3666 4338 intuitiva
3694 4271 3739 4328 et

2206 4370 2602 4444 abstractiva,
2634 4387 2671 4431 a
2702 4372 2895 4451 priori
2936 4379 2999 4433 et
3028 4391 3065 4433 a
3093 4371 3448 4452 posteriori,
3482 4369 3737 4445 respectu

2203 4464 2591 4526 diversarum
2622 4483 2864 4537 rerum,
2898 4471 3107 4545 potest
3152 4483 3265 4544 per
3294 4463 3586 4526 eumdem
3615 4455 3740 4517 sim·

2205 4557 2431 4635 plicem
2460 4563 2671 4619 actum
2714 4556 2887 4626 fieri.
2924 4558 3235 4637 quamviS,
3270 4549 3521 4638 quando
3562 4550 3735 4631 primo

2206 4655 2268 4712 ct
2308 4666 2422 4728 per
2466 4667 2533 4710 se
2562 4656 2893 4711 versantur
2936 4650 3105 4712 circa
3142 4653 3435 4713 eamdem
3482 4662 3639 4716 rem,
3668 4637 3737 4698 vi·

2204 4742 2471 4804 deantur
2511 4759 2761 4821 semper
2788 4759 2927 4804 esse
2964 4743 3195 4805 diversi
3222 4751 3427 4815 actus,
3462 4747 3526 4801 ut
3553 4729 3733 4813 cogni·

2202 4835 2289 4896 tio
2319 4835 2430 4896 Dei
2459 4833 2746 4896 intuitiva
2776 4839 2838 4896 et
2868 4836 3263 4900 abstractiva.
3298 4831 3581 4900 Secundo
3606 4821 3735 4888 dici-

2203 4936 2327 5003 tur,
2349 4927 2671 5008 probabile
2702 4945 2864 5002 esse,
2888 4929 3143 5008 quando
3172 4933 3341 4992 Deus
3370 4920 3733 5006 cognoscitur

2206 5023 2269 5083 in
2298 5021 2547 5094 effectu,
2580 5021 2838 5083 formari
2880 5023 3071 5084 alium
3118 5029 3484 5103 conceptum
3528 5013 3650 5081 Dei.
3680 5011 3732 5068 et

2208 5115 2401 5176 alium
2430 5115 2624 5194 ipsius
2649 5115 2939 5190 effectus;
2964 5117 3111 5196 quia
3136 5115 3394 5179 effectus
3419 5103 3730 5184 concipitur

2206 5205 2506 5288 perfecte,
2538 5214 2601 5269 et
2626 5214 2814 5288 prout
2840 5209 2906 5270 in
2938 5227 3005 5270 se
3047 5216 3174 5285 est,
3204 5209 3369 5272 Deus
3408 5210 3604 5266 autem
3630 5196 3727 5257 im·

2207 5301 2483 5381 perfecto
2513 5301 2723 5374 modo,
2752 5307 2814 5364 et
2842 5301 3119 5381 quodam
3161 5307 3483 5381 conceptu,
3514 5298 3613 5356 aut
3636 5301 3725 5347 ne·
3835 5337 3836 5384 3

2206 5395 2436 5474 galim,
2461 5399 2569 5456 aut
2596 5395 2969 5474 respective,
2994 5395 3095 5458 vel
3124 5395 3245 5457 alio
3276 5392 3483 5463 simili3
3510 5399 3625 5447 non
3646 5387 3724 5439 ta·

2207 5503 2350 5550 men
2384 5492 2711 5570 propterea
2754 5488 3083 5550 intercedit
3124 5489 3367 5574 proprie
3410 5484 3720 5545 discursas:
