3892 6167
512 395 714 467 Matt.‚
740 393 847 454 ubi
876 392 955 454 de
997 394 1117 456 hac
1162 391 1629 472 pulchritudine
1672 392 1899 456 Christi
1940 395 2078 474 pul·

514 485 663 547 chre
692 486 985 565 loquens,
1006 486 1172 548 inter
1199 485 1318 546 alia
1350 485 1585 564 inquit:
1614 485 2078 566 ›S'icntinsiyuis

510 577 884 658 perficiendis
906 579 1228 642 miraculis
1246 579 1399 652 fuit,
1426 581 1519 642 ita
1538 579 1675 642 visu
1695 579 2078 660 qratiosisai-

514 689 651 735 mm
678 673 879 748 fuisse
910 673 1139 735 dicitur
1153 697 1179 744 ,·
1224 671 1479 732 inferius
1507 689 1655 734 vero
1695 679 1974 734 tractans
2003 673 2078 735 il-

516 763 626 826 lud
654 765 795 828 lsai.
828 766 904 827 53
932 782 948 826 ι
974 763 1117 830 Non
1144 769 1275 830 erat
1302 767 1357 828 oi
1386 765 1629 844 species,
1669 783 1853 846 nequo
1880 769 2073 843 decor,

517 858 751 920 <lictum
781 876 919 920 esse
946 859 1201 938 exponit
1229 902 1245 933 ,
1266 858 1371 920 vel
1387 859 1532 937 quia
1562 857 1964 938 pulchritudo
1985 861 2078 922 di-

516 951 791 1014 vinitatis
814 952 934 1014 sub
960 951 1211 1014 mortali
1236 970 1497 1032 corpore
1530 953 1994 1026 occultabatur,
2011 960 2082 1015 ut

520 1047 709 1108 etiam
736 1043 999 1126 cyrillus
1014 1063 1201 1125 supra
1226 1047 1449 1108 citatus
1476 1047 1730 1126 exponit
1756 1066 1773 1122 ;
1800 1047 1903 1110 vel
1930 1048 2082 1124 quia

519 1139 657 1220 ipsa
690 1139 965 1219 corporis
1002 1139 1424 1219 pulchritudo,
1462 1158 1577 1220 per
1626 1141 1911 1220 ejusdem
1946 1159 2082 1202 ma·

520 1233 923 1310 cerationem,
970 1233 1331 1312 passionem
1387 1240 1450 1296 et
1507 1239 1845 1308 tormenta,
1900 1235 2084 1312 quasi

521 1326 869 1388 deformata
888 1330 950 1389 et
973 1326 1203 1390 abolita
1224 1327 1363 1399 suit,
1382 1325 1485 1390 vel
1504 1327 1713 1406 potius
1744 1326 2078 1404 occultata,

513 1420 692 1500 juxta
720 1419 807 1496 id,
835 1421 1007 1500 quod
1050 1421 1260 1482 statim
1288 1420 1729 1499 subjungitur:
1760 1421 1855 1484 Et
1905 1421 2084 1500 quasi

520 1515 901 1578 absconditus
924 1515 1129 1577 vultus
1164 1516 1297 1594 ejus
1316 1539 1343 1588 ,·
1381 1532 1573 1597 quam
1623 1515 2082 1594 expositionem

519 1609 807 1690 probavit
834 1611 1023 1674 etiam
1062 1610 1517 1687 Tertullianus,
1552 1610 1661 1672 lib.
1716 1615 1937 1672 contra
1966 1611 2080 1674 Ju-

522 1703 723 1780 denos,
754 1723 811 1766 c.
842 1704 923 1766 de
952 1703 1241 1768 Claritate
1274 1705 1579 1784 gentium,
1610 1711 1674 1766 et
1702 1707 1739 1766 3
1770 1705 1881 1766 lib.
1934 1723 2085 1767 con·

522 1803 621 1861 tra
641 1797 939 1860 Marcion.
948 1842 971 1873 ,
1006 1801 1075 1860 et
1096 1797 1378 1878 Vigilius,
1410 1798 1519 1860 lib.
1560 1801 1601 1860 2
1650 1803 1867 1860 contra
1890 1801 2084 1879 Euty-

523 1894 749 1965 chem;
780 1892 929 1956 etin
958 1892 1253 1956 eumdem
1292 1911 1547 1955 sensum
1582 1900 1814 1956 tractat
1840 1900 2080 1956 utrum·

524 2005 649 2067 que
674 1987 883 2050 locum
912 1986 1304 2068 Hieronym„
1334 1993 1489 2050 tom.
1518 1989 1583 2061 2,
1618 1986 1799 2066 epist.
1832 1990 1971 2062 160,
1997 1987 2080 2050 ad

522 2083 919 2163 Principiam,
966 2082 1073 2144 ubi
1116 2081 1359 2160 inquit:
1411 2082 1650 2163 Abeqm
1693 2085 2080 2164 pactionibus

522 2178 815 2257 corporis,
845 2176 1151 2240 univorsis
1178 2176 1491 2257 pulchrior
1506 2183 1618 2249 eet,
1636 2179 1811 2258 virqo
1838 2177 1906 2240 do
1938 2177 2081 2243 Vir-

520 2273 681 2352 mn,
708 2268 813 2350 qui
838 2287 957 2334 nou
994 2287 1071 2333 ex
1106 2269 1525 2352 sanguinibus,
1556 2272 1661 2333 sed
1698 2289 1772 2334 ox
1811 2271 1933 2334 Deo
1967 2289 2080 2336 ηα-

523 2373 623 2430 tus
646 2371 753 2428 est.
772 2365 849 2426 Et
872 2363 951 2426 ad
980 2363 1279 2424 eumdem
1312 2381 1567 2426 sensum
1592 2363 1742 2426 dicit
1756 2365 2073 2440 Nazianz.,

524 2466 681 2524 orat.
714 2461 754 2520 2
782 2457 1059 2528 Paschae,
1090 2457 1155 2518 in
1174 2458 1635 2519 resurrectione
1660 2457 1857 2520 fuisse
1874 2458 2080 2520 Chris·

522 2561 589 2618 to
644 2552 907 2616 Domino
957 2549 1493 2630 pulchritudinem
1525 2551 1879 2612 restitutam
1900 2597 1920 2628 ,
1951 2569 2080 2614 non

524 2648 695 2728 quod
720 2645 1025 2708 naturalis
1052 2645 1333 2724 corporis
1370 2645 1599 2718 forma,
1648 2645 2080 2706 membrorum

523 2740 869 2822 proportio,
900 2745 963 2800 et
1007 2737 1257 2798 nativus
1296 2737 1471 2798 color
1502 2743 1743 2799 mutata
1799 2739 2032 2801 fuerint
2059 2783 2074 2814 ,

525 2835 637 2897 sed
666 2833 815 2912 quia
847 2831 1189 2912 perfectum
1210 2837 1439 2892 statum
1469 2849 1649 2892 suum
1683 2833 1982 2902 habuere.
2017 2841 2080 2896 et

523 2947 639 3009 per
668 2926 947 3005 corporis
970 2923 1233 3004 gloriam
1260 2924 1439 3004 quasi
1474 2925 1781 2987 illustrata
1807 2933 1974 3000 sunt,
2009 2935 2082 2989 ut

524 3024 593 3086 D.
625 3024 899 3084 Thomas
928 3019 1089 3080 infra
1120 3018 1292 3090 dicit,
1336 3037 1397 3097 q.
1431 3021 1531 3089 54,
1563 3027 1681 3082 art.
1712 3023 1772 3095 1,
1806 3021 1887 3082 ad
1912 3022 1970 3082 3.
2007 3022 2079 3084 In

527 3115 647 3176 hac
672 3115 950 3193 denique
970 3113 1287 3174 sententia
1318 3119 1413 3174 est
1436 3113 1725 3176 Clemens
1745 3115 2074 3190 Alexand„

522 3210 635 3272 lib.
667 3209 1015 3288 Paedag.,e.
1044 3211 1077 3270 1
1106 3226 1121 3281 ;
1156 3213 1217 3268 et
1243 3207 1567 3284 Abulens„
1600 3209 1819 3270 Parad.
1854 3213 1913 3272 1.

605 3309 667 3366 4.
712 3303 973 3366 Ratione
998 3301 1087 3362 ita
1114 3301 1491 3378 declaratur,
1518 3302 1689 3380 quia,
1722 3310 1787 3364 ut
1820 3303 1887 3364 D.
1916 3303 2082 3364 Tho·

523 3417 663 3461 mas
696 3397 923 3487 docet,
953 3399 985 3457 1
1020 3413 1111 3474 p.‚
1144 3411 1209 3474 q.
1242 3397 1341 3470 39,
1376 3413 1439 3456 a.
1486 3399 1549 3468 8,
1574 3400 1639 3456 et
1660 3399 1718 3458 2.
1748 3399 1809 3471 2,
1838 3415 1900 3475 q.
1937 3398 2076 3469 145,

440 3511 447 3518 ·
524 3511 583 3554 a.
610 3495 674 3567 2,
702 3509 779 3552 ex
808 3489 1092 3569 Dionys„
1125 3507 1181 3549 c.
1210 3493 1253 3550 4
1280 3488 1362 3550 de
1386 3489 1521 3550 Div.
1556 3490 1795 3550 nomin.
1816 3533 1835 3562 ,
1864 3496 1927 3552 et
1956 3493 2080 3550 Au-

524 3587 783 3666 gustin„
830 3585 913 3646 22
956 3583 1037 3644 de
1086 3582 1287 3655 civit„
1332 3599 1472 3661 cap.
1522 3585 1620 3656 19,
1677 3581 2080 3662 pulchritudo

526 3697 603 3741 ex
626 3677 825 3739 tribus
847 3676 1167 3756 consurgit
1191 3691 1211 3735 z
1234 3676 1461 3755 primo,
1478 3693 1555 3736 ex
1574 3677 1857 3736 omnium
1884 3693 2080 3736 mem-

522 3773 781 3835 brorum
824 3770 1204 3849 integritate,
1236 3785 1429 3846 quam
1478 3769 1673 3830 fuisse
1718 3769 1785 3829 in
1817 3785 2080 3848 corpore

524 3865 749 3929 Christi
774 3863 1019 3924 Domini
1045 3862 1460 3924 certissimum
1482 3868 1613 3940 est3
1638 3879 1764 3923 non
1790 3863 1958 3925 enim
1981 3882 2083 3925 ac-

525 3961 688 4041 cepit
713 3977 939 4039 corpus
991 3957 1283 4019 mutilum
1328 3963 1441 4018 aut
1490 3964 1934 4030 monstrosum,
1969 3958 2081 4019 sed

524 4053 591 4115 in
640 4053 909 4115 naturali
958 4067 1073 4113 sua
1118 4051 1496 4128 integritate,
1526 4050 1618 4112 sic
1657 4050 1826 4112 enim
1856 4050 2086 4117 docent

526 4147 742 4208 Patres
764 4143 1181 4224 assumpsisse
1212 4142 1423 4204 omnia
1450 4161 1593 4221 quae
1632 4143 1699 4202 in
1728 4145 1943 4204 nostra
1964 4161 2084 4204 na—

524 4245 667 4302 tura
692 4238 1017 4319 plantavit.
1045 4237 1359 4310 Secundo,
1394 4253 1469 4296 ex
1493 4235 1861 4298 eorumdem
1884 4253 2083 4298 mem·

528 4332 787 4395 brorum
850 4330 1063 4392 debita
1110 4329 1537 4408 proportione,
1584 4336 1647 4391 et
1678 4329 1844 4390 hane
1888 4330 2084 4392 fuisse

530 4426 718 4488 etiam
740 4425 809 4484 in
836 4439 1096 4502 corpore
1124 4421 1352 4485 Christi
1372 4421 1559 4483 facile
1582 4421 1953 4501 persuaderi
1977 4441 2084 4502 po-

529 4525 673 4594 test,
704 4524 841 4581 tum
878 4517 1027 4598 quia
1052 4516 1175 4578 tale
1208 4533 1435 4595 corpus
1464 4514 1817 4576 debebatur
1840 4516 2086 4595 perfec-

528 4613 780 4676 tissima
804 4611 1031 4674 animae
1052 4612 1191 4690 ejus
1210 4628 1226 4687 3
1242 4615 1381 4672 tum
1421 4609 1610 4670 etiam
1635 4609 1785 4687 quia
1808 4611 2086 4689 oportuit

528 4711 601 4768 ut
629 4721 855 4785 corpus
894 4702 1048 4766 illud
1086 4709 1251 4764 esset
1298 4702 1689 4781 aptissimum
1738 4702 1822 4762 ad.
1870 4705 2086 4765 omnia

531 4817 723 4879 opera
748 4799 887 4859 vitae
916 4795 1293 4872 exercenda,
1327 4813 1470 4874 quae
1499 4794 1785 4873 aptitudo
1814 4798 2084 4858 multum

399 4903 407 4909 ·
531 4907 611 4954 ex
634 4892 797 4953 dicta
821 4889 1223 4971 proportione
1252 4887 1487 4968 pendet
1506 4907 1523 4960 ;
1554 4887 1833 4967 denique
1856 4890 1980 4952 hoc
1994 4889 2090 4952 fa-

531 4987 649 5049 cile
676 4987 987 5063 colligitur
1016 5001 1093 5046 ex
1122 4985 1332 5046 forma
1380 4983 1537 5062 ejus,
1566 4999 1757 5060 quam
1786 4983 2088 5045 describit

528 5081 935 5160 Nicephorus,
965 5077 1079 5140 lib.
1108 5079 1139 5142 4
1184 5079 1371 5153 Hist„
1404 5093 1461 5138 c.
1490 5076 1690 5138 ultim.
1716 5078 1945 5151 Tertia,
1977 5095 2086 5140 re-

529 5175 797 5256 quiritur
820 5171 901 5234 ad
942 5171 1469 5252 pulchritudinem
1508 5171 1888 5232 conveniens
1914 5172 2088 5234 color

528 5270 801 5344 nativus,
833 5268 945 5348 qui
983 5267 1181 5328 oritur
1204 5285 1285 5328 ex
1323 5266 1560 5347 optimo
1584 5271 2085 5345 temperamento

532 5361 1107 5444 et.complexioue;
1136 5360 1301 5424 sicut
1326 5377 1478 5440 ergo
1522 5359 1653 5422 hinc
1696 5359 1817 5422 tuit
1850 5361 2089 5440 optima

533 5458 597 5520 in
642 5455 869 5521 Christi
902 5470 1187 5534 corpore,
1228 5453 1315 5516 ita
1340 5452 1433 5536 illi
1482 5458 1615 5516 etat
1662 5454 2086 5518 connaturalis

1736 293 1972 357 QUAEST.
2007 293 2138 348 XIV.
2167 295 2372 352 Anno.
2405 299 2490 355 W.

2151 399 2468 476 perfectus
2489 398 2688 474 color,
2711 403 2778 460 et
2803 395 2886 458 ad
2913 391 3452 476 pulchritudinem
3499 407 3728 471 corpo·

2151 495 2236 555 ris
2267 495 2524 554 humani
2555 492 2832 554 maxime
2863 487 3400 552 accommodatus.
3447 487 3527 546 Et
3573 501 3728 547 con·

2151 586 2437 649 firmatur
2477 587 2701 667 primo,
2728 584 2878 665 quia
2929 599 3158 662 corpus
3199 579 3431 643 Christi
3471 579 3724 640 Domini

2153 682 2416 760 Spiritus
2467 681 2679 744 Sancti
2733 679 2960 741 virtute
3009 676 3380 738 fabricatum
3437 679 3580 742 est:
3613 671 3726 732 sed

2155 793 2369 856 opera,
2397 793 2542 856 quoe
2569 777 2733 837 Deus
2761 791 2878 853 per
2899 789 2968 834 se
2989 771 3198 850 ipsum
3221 769 3398 842 facit,
3417 774 3579 828 sunt
3595 766 3728 844 pul-

2154 870 2466 931 cherrima
2509 875 2572 931 et
2614 867 2919 950 perfectu
2956 881 3131 943 ergo,
3163 861 3600 924 Confirmatnr
3637 877 3730 920 se-

2153 963 2384 1038 cundo,
2415 963 2566 1043 quia
2589 961 2812 1032 Adam,
2845 977 2922 1022 eo
2958 957 3130 1037 quod
3157 956 3238 1016 ab
3271 955 3420 1034 ipso
3451 955 3591 1014 Deo
3618 952 3733 1012 im-

2154 1057 2430 1119 mediate
2449 1057 2710 1118 effectus
2737 1061 2852 1130 est,
2872 1052 2994 1113 fuit
3021 1049 3502 1131 pulcherrimus
3529 1053 3598 1108 et
3623 1063 3730 1126 op-

2155 1151 2310 1212 time
2333 1149 2708 1230 dispositus;
2740 1147 2934 1208 multo
2973 1163 3126 1224 ergo
3177 1141 3386 1220 magis
3418 1139 3726 1200 Christus.

2156 1245 2572 1307 Confirmatur
2610 1243 2817 1317 tertio,
2849 1240 3003 1320 quia
3037 1253 3268 1316 corpus
3293 1233 3534 1296 Christi
3565 1232 3728 1292 futa-
3822 1239 3824 1318 [

2156 1357 2296 1402 rum
2323 1345 2418 1400 est
2444 1337 2634 1399 veluti
2665 1337 2984 1416 objectum
3005 1328 3418 1394 beatitudinis
3446 1327 3730 1404 corporis
3826 1385 3828 1394 ,

2157 1433 2374 1504 nostri,
2407 1437 2477 1494 ut
2499 1447 2710 1510 supra,
2741 1426 3162 1508 disputatione
3190 1425 3254 1497 ὅ,
3281 1439 3432 1482 cum
3487 1421 3732 1497 Augus-
3822 1427 3828 1473 u

2159 1527 2290 1588 tino
2320 1532 2384 1588 et
2403 1525 2713 1606 cypriano
2739 1521 3142 1590 dicebamus;
3173 1521 3270 1577 est
3315 1515 3516 1576 etiam
3569 1513 3728 1574 futu·
3807 1520 3828 1567 ,Ἰ

2157 1637 2300 1682 rum
2329 1619 2650 1698 exemplar
2681 1611 3166 1696 pulchritudinis
3189 1607 3484 1670 omnium
3509 1625 3730 1688 corpo-
3800 1619 3828 1687 1²

2157 1731 2300 1776 rum
2339 1714 2712 1786 beatorum3
2763 1725 2914 1788 ergo
2967 1713 3066 1769 est
3117 1707 3332 1786 ipsum
3369 1703 3726 1785 pulcherri-
3802 1690 3828 1759 Ξι

2157 1826 2356 1869 mum.
2389 1805 2670 1868 Tandem
2701 1801 3132 1876 confirmatur,
3165 1800 3316 1879 quia
3363 1816 3493 1859 nec
3517 1815 3646 1876 per
3667 1813 3730 1856 se
3798 1766 3817 1855 i

2156 1903 2276 1964 fuit
2325 1899 2658 1982 expetibile
2715 1905 2788 1960 ut
2839 1896 3122 1958 Christus
3161 1894 3284 1955 hac
3329 1891 3724 1972 perfectione
3796 1885 3828 1951 i·

2159 2001 2426 2068 careret,
2468 2011 2588 2056 nec
2617 1991 2900 2054 defectus
2929 1989 3100 2052 illius
3125 1992 3356 2048 nostre
3401 1985 3724 2046 deservie-
3808 2012 3816 2042 ·,

2156 2088 2266 2151 bat
2291 2084 2728 2166 redemptioni.
3802 2047 3816 2139 J

2239 2189 2300 2247 5.
2332 2182 2612 2264 objectio.
2637 2215 2717 2226 —
2737 2178 3092 2259 Responsio.
3115 2176 3413 2248 -Diceffi
3447 2174 3592 2234 imo
3621 2190 3722 2251 per

2159 2295 2230 2340 se
2257 2277 2568 2348 decuisse,
2596 2281 2658 2336 et
2687 2274 2769 2335 ad
2795 2271 3114 2352 quandam
3144 2268 3578 2333 reverentiam
3605 2267 3724 2326 Deo
3806 2314 3814 2323 .

2159 2372 2434 2434 debitam
2463 2367 2863 2448 pertinuisse,
2877 2383 2959 2427 ne
2979 2362 3518 2445 pulchritudinem
3538 2361 3724 2422 affec·
3804 2376 3828 2418 τε

2155 2472 2340 2538 taret,
2387 2464 2536 2542 quia
2565 2462 2854 2548 quamvis
2895 2477 3108 2539 neque
3153 2455 3506 2539 oportuerit
3547 2454 3726 2515 illum
3799 2442 3828 2543 ’ξς

2159 2577 2298 2622 esse
2329 2557 2678 2619 deformem
2699 2601 2719 2631 ,
2747 2561 2966 2616 tamen
2989 2553 3194 2614 virum
3221 2549 3602 2630 religiosum
3623 2595 3642 2622 ,
3671 2555 3726 2608 et
3804 2600 3814 2610 .

2158 2652 2478 2733 Evangelii
2511 2650 2988 2730 praedicatorem
3013 2664 3134 2708 nec
3169 2643 3580 2726 polehxitudo
3627 2643 3724 2704 de·
3812 2667 3828 2702 v:

2159 2750 2364 2822 cebat,
2397 2744 2508 2806 sed
2559 2743 2852 2823 quaedam
2881 2740 3220 2802 mediocris
3247 2739 3594 2818 gravisque
3623 2755 3722 2796 ve·
3825 2761 3828 2798 ι

2157 2849 2397 2904 uastas.
2421 2837 2862 2918 Respondetur
2893 2851 2912 2894 ε
2941 2834 3252 2896 naturalis
3279 2838 3342 2894 et
3365 2831 3568 2892 virili·
3593 2829 3720 2908 pul·
3826 2861 3828 2890 ι

2159 2933 2444 2996 chritudo
2471 2977 2488 3006 ‚
2537 2947 2684 2992 cum
2739 2945 2990 2990 summa
3033 2928 3260 2988 virtute
3313 2931 3374 2987 et
3405 2923 3720 2986 modestia

2159 3029 2514 3108 conjuncta,
2545 3023 2819 3085 maxime
2843 3022 3028 3082 decet
3065 3025 3130 3082 et
3167 3024 3354 3081 ornat
3381 3035 3720 3096 quemcun-
3800 3032 3828 3085 =÷

2158 3141 2284 3203 que
2309 3127 2594 3182 sanctum
2615 3117 2845 3189 virum,
2863 3121 2926 3176 et
2945 3113 3166 3176 incitat
3193 3112 3274 3173 ad
3301 3111 3722 3172 reverentiam
3794 3088 3828 3209 ᾗ,

2159 3222 2222 3279 et
2267 3214 2702 3281 dilectionem3
2761 3207 3104 3289 praesertim
3156 3204 3410 3285 quando
3471 3211 3724 3282 propter
3798 3212 3828 3271 e:

2157 3309 2405 3370 labores
2433 3309 2498 3368 et
2529 3303 2908 3366 afflictiones
2935 3299 3217 3379 corporis
3243 3298 3332 3358 ita
3375 3303 3470 3358 est
3507 3297 3726 3358 mode·
3802 3353 3828 3365 ,,

2158 3408 2296 3465 rata
2323 3447 2341 3476 ‚
2387 3407 2461 3461 ut
2503 3417 2621 3479 per
2649 3415 2718 3458 se
2747 3393 3060 3467 ostendat,
3093 3391 3300 3452 solum
3337 3389 3418 3450 ab
3449 3387 3596 3467 ipsa
3629 3407 3730 3448 aa·
3810 3425 3828 3465 χ.

2157 3495 2342 3557 turali
2389 3489 2848 3570 compositione
2901 3493 2968 3548 et
3006 3485 3390 3552 ,formatione
3443 3481 3723 3561 perfecta
3804 3482 3828 3547 2'2

2157 3587 2491 3669 proficisci,
2519 3601 2650 3646 non
2677 3601 2757 3646 ex
2786 3583 3069 3643 humana
3097 3577 3462 3640 curiositate
3491 3593 3614 3636 seu
3647 3575 3724 3636 ai-
3806 3575 3828 3652 *i

2157 3683 2518 3744 sectatione.

2237 3777 2300 3836 6.
2318 3774 2468 3836 Dico
2491 3771 2794 3847 secundo,
2819 3787 2950 3832 non
2977 3766 3394 3847 assumpsisse
3409 3763 3722 3829 Christum

2161 3885 2382 3931 omnes
2409 3866 2828 3946 perfectiones
2855 3863 3174 3926 naturales
3203 3859 3572 3921 commodas
3595 3873 3724 3920 cor-

2159 3964 2298 4041 pori
2326 3961 2626 4036 bumano,
2654 3976 2796 4038 quse
2829 3958 2894 4019 in
2925 3957 3169 4018 actione
3199 3954 3436 4031 aliqua,
3459 3951 3566 4013 vel
3591 3967 3718 4030 pas·

2162 4056 2365 4128 sione,
2399 4070 2514 4114 seu
2545 4053 2607 4113 in
2639 4051 2868 4114 actuali
2897 4048 3310 4129 dispositione
3337 4045 3716 4113 coasiatunt3

2161 4149 2274 4210 sed
2323 4147 2536 4228 potius
2581 4147 2866 4208 detectus
2919 4142 3271 4206 contrarios
3293 4183 3316 4216 ,
3368 4135 3718 4218 eujusmodi

2161 4249 2306 4306 sunt
2335 4243 2536 4304 fames
2554 4285 2573 4317 ‚
2607 4241 2762 4314 sitis,
2794 4237 3156 4318 defatigatio
3187 4235 3468 4314 corporis
3487 4277 3510 4308 ,
3557 4239 3620 4295 et
3643 4231 3720 4291 si·

2159 4337 2364 4399 miles.
2399 4338 2546 4397 Haec
2585 4331 2902 4396 conclusio
2927 4375 2944 4406 ,
2978 4331 3102 4393 hoc
3145 4333 3336 4391 sensu
3391 4327 3716 4406 explicate,

2162 4438 2258 4491 est
2279 4436 2456 4491 certa
2485 4427 2836 4490 secundum
2863 4425 3095 4500 fidem,
3141 4427 3208 4484 et
3235 4421 3540 4502 probatur
3577 4421 3720 4479 satis

2163 4541 2242 4585 ex
2270 4521 2648 4584 testimoniis
2671 4520 3006 4598 Scripturas
3039 4516 3246 4578 citatis
3274 4515 3556 4576 sectione
3573 4529 3720 4592 Ρη-

2162 4616 2428 4679 cedenti.
2459 4617 2537 4676 Et
2559 4615 2722 4676 ratio
2752 4615 2852 4673 est
2869 4627 2998 4689 qua
3026 4611 3096 4671 D.
3125 4608 3400 4670 Thomas
3427 4612 3532 4669 est
3557 4621 3714 4670 usas,

2164 4708 2312 4789 quia
2353 4707 2420 4768 hi
2463 4705 2748 4768 defectus
2799 4708 2946 4766 sunt
2991 4717 3196 4781 poenae
3231 4699 3714 4762 accommodata·

2163 4801 2248 4863 ad
2299 4798 2812 4862 satisfaciendum
2859 4811 2976 4875 pro
3021 4792 3206 4856 nobis
3229 4834 3246 4868 ‚
3285 4799 3354 4854 et
3387 4788 3716 4872 praebenda

2162 4893 2448 4974 exempla
2489 4894 2760 4954 virtutis.
2815 4889 3032 4952 Solum
3079 4893 3366 4967 superest
3411 4885 3716 4964 explican-

2164 4989 2318 5050 dum
2371 5003 2534 5066 quos
2591 5003 2670 5047 ex
2719 4985 2818 5045 his
2867 4981 3217 5044 defectibus
3271 4977 3714 5058 assumpserit3

2165 5088 2412 5144 constat
2449 5079 2614 5140 enim
2647 5093 2775 5138 non
2815 5073 3236 5154 assumpsisse
3281 5088 3506 5134 omnes
3535 5068 3719 5150 possi·

2161 5176 2322 5238 biles
2353 5175 2630 5234 humano
2664 5169 2952 5252 corpori,
2995 5169 3144 5248 quia
3183 5183 3394 5246 neque
3426 5163 3710 5246 oportuit,

2162 5287 2373 5349 neque
2411 5265 2858 5330 convenienter
2883 5263 3020 5325 fieri
3059 5262 3280 5343 potuit.
3313 5261 3385 5322 In
3415 5277 3541 5340 quo
3583 5258 3712 5318 bre·-

2162 5365 2321 5427 viter
2350 5362 2688 5424 dicendam
2728 5365 2826 5421 est
2849 5357 3076 5440 primo,
3109 5357 3466 5438 suscepisse
3491 5351 3708 5436 passio-

2167 5473 2284 5520 nes
2309 5455 2473 5532 illas,
2509 5471 2650 5536 quie
2677 5453 3016 5516 intrinsece
3045 5451 3333 5538 oriuntur
3361 5467 3442 5513 ex
3469 5457 3706 5524 corpore
