3892 6167
542 429 780 496 Christi
816 435 1059 512 poterat
1096 431 1333 513 quidem
1369 433 1647 500 resistere
1682 435 2092 517 passionibus,

536 530 607 588 nt
632 527 687 588 ei
712 541 829 589 non
855 526 1341 606 supervenirent,
1381 529 1723 610 praesertim
1752 527 1976 592 virtute
2007 527 2098 590 di-

538 617 684 682 vina
694 645 719 692 ;
745 619 851 682 sed
864 619 1121 701 propria
1144 621 1449 686 voluntate
1471 640 1535 685 se
1549 621 1936 705 passionibus
1966 619 2101 683 snb·

531 710 805 792 jiciebat,
837 718 962 776 tam
992 714 1422 792 corporalibus,
1458 733 1637 797 qnam
1666 715 2056 778 animalibus.

625 805 729 868 Aa
769 806 1089 868 secundum
1122 807 1433 872 dicendum
1450 853 1466 883 ,
1508 810 1663 890 quod
1693 808 1939 872 Tullius
1970 811 1989 848 ¹
2019 803 2107 870 ibi

541 896 816 982 loquitur
853 901 1173 966 secundum
1212 901 1540 982 opinionem
1588 901 1963 976 Stoicorum,
2001 901 2107 984 qui

543 1008 663 1056 non
681 994 961 1061 vocabant
980 992 1291 1074 passiones
1318 1011 1690 1078 quoscunque
1712 999 1911 1060 motus
1930 1011 2106 1078 appe-

549 1087 701 1150 titus
730 1087 1011 1152 sensitivi
1038 1131 1059 1164 ,
1104 1087 1212 1152 sed
1248 1089 1443 1152 solum
1477 1089 1857 1152 inordinatos
1874 1113 1901 1162 ;
1953 1089 2108 1154 tales

542 1186 743 1248 antem
761 1184 1073 1264 passiones
1094 1185 1491 1264 manifestum
1514 1189 1607 1252 est
1627 1185 1695 1249 in
1726 1183 1969 1250 Christo
1989 1201 2109 1248 non

536 1277 755 1355 faisse.

622 1369 723 1434 Aa
748 1372 999 1438 tertium
1028 1371 1363 1450 dicendum,
1394 1375 1549 1456 quod
1569 1376 1883 1454 passiones
1904 1391 2108 1454 pecca-

546 1468 742 1528 torum
782 1471 928 1530 enni
971 1472 1167 1530 motas
1212 1469 1515 1548 appetitus
1552 1469 1833 1534 sensitivi
1872 1469 1938 1531 in
1979 1468 2108 1534 illi-

544 1560 671 1622 cita
701 1562 1003 1626 tendentes
1017 1585 1043 1635 ;
1075 1563 1229 1642 qnod
1252 1579 1373 1626 non
1394 1564 1519 1642 fnit
1546 1565 1616 1628 in
1646 1561 1915 1640 Christo,
1952 1563 2108 1630 sione

545 1669 653 1716 neo
682 1656 868 1732 fomes
890 1653 1145 1738 peceati.

1009 1857 1627 1922 COMMENTARIUS.

626 2030 888 2094 Duobus
914 2033 1119 2096 modis
1146 2039 1352 2114 potest
1376 2033 1585 2096 anima
1614 2035 1738 2098 diei
1772 2039 2101 2117 passibilia.

550 2124 685 2187 Uno
714 2125 927 2202 modo,
954 2127 1303 2190 secundum
1328 2129 1665 2191 essentiam
1690 2149 1705 2205 3
1741 2133 1861 2194 alio
1892 2133 2102 2210 modo,

550 2217 899 2282 secundum
925 2223 1273 2301 potentias:
1306 2227 1367 2283 et
1397 2223 1647 2301 quidem
1676 2225 1863 2304 priori
1892 2228 2103 2306 mode,

548 2313 921 2376 naturaliter
943 2314 1285 2393 loquendo,
1324 2317 1533 2378 anima
1560 2335 1691 2379 non
1721 2325 1815 2381 est
1839 2319 2108 2400 passibi-

544 2405 646 2483 lis,
668 2408 790 2470 nisi
820 2415 1133 2488 quatenus
1160 2410 1366 2473 forma
1390 2412 1691 2492 corporiS,
1713 2421 1779 2476 et
1792 2421 2106 2494 quatenus

548 2517 665 2580 per
692 2499 1127 2566 alterationem
1156 2507 1294 2583 ejus
1322 2506 1602 2584 separari
1631 2506 1711 2567 ab
1752 2525 1825 2570 eo
1872 2515 2102 2590 potest,

550 2599 675 2658 eta
706 2613 821 2658 suo
852 2601 1015 2659 statu
1044 2599 1313 2660 naturali
1344 2599 1699 2676 immutari;
1730 2608 1791 2664 et
1812 2604 1978 2666 hauc
1997 2620 2106 2666 vo·

552 2691 714 2752 cavit
744 2689 813 2751 D.
854 2691 1127 2753 Thomas
1153 2694 1516 2772 passionem
1565 2699 1978 2776 corporalem,
2025 2697 2108 2761 de

551 2799 677 2861 qua
703 2789 875 2845 recte
902 2783 1106 2860 docet,
1138 2785 1413 2848 animam
1444 2789 1664 2850 Christi
1690 2789 1878 2853 fuisse
1912 2794 2108 2873 passi-

548 2875 741 2938 bilem
790 2895 907 2957 pro
956 2884 1120 2941 statu
1162 2879 1277 2942 viae
1304 2926 1320 2953 ,
1370 2881 1539 2960 quod
1586 2884 1741 2944 nihil
1794 2885 1965 2946 aliud
2012 2892 2108 2949 est

550 2985 741 3050 quam
788 2971 997 3034 dicere
1014 3019 1035 3050 ,
1084 2993 1313 3053 corpus
1358 2975 1653 3055 passibile
1708 2977 2101 3044 informasse.

552 3064 885 3126 posteriori
938 3073 1151 3128 autem
1190 3069 1404 3142 mode,
1452 3072 1711 3147 scilicet,
1760 3073 2108 3137 secundum

552 3159 891 3238 potentias,
930 3159 1155 3224 dicitur
1191 3161 1402 3226 anima
1454 3167 1765 3244 passibilis
1815 3171 2110 3247 passione

554 3253 848 3329 animali,
895 3263 1205 3334 quatenus
1251 3275 1367 3337 per
1410 3260 1705 3322 affectum
1760 3263 1990 3324 doloris
2050 3270 2112 3326 et

548 3347 835 3422 tristitiae,
871 3353 934 3410 et
962 3350 1120 3411 alios
1158 3351 1393 3413 similes
1436 3355 1563 3432 pati
1608 3363 1836 3434 potest.
1874 3357 1950 3418 Et
1989 3355 2110 3420 boc

550 3441 743 3501 etiam
776 3442 965 3504 modo
999 3443 1183 3506 docet
1210 3445 1282 3505 D.
1314 3445 1613 3523 ThomaS,
1646 3447 1709 3508 in
1740 3451 1779 3510 2
1805 3455 1966 3529 part.
2013 3467 2111 3511 ar·

546 3533 741 3608 ticuli,
762 3536 1035 3597 animam
1052 3534 1276 3598 Christi
1298 3539 1490 3601 fuisse
1514 3543 1895 3621 passibilem,
1917 3561 2108 3623 quam

550 3627 1127 3690 denominationem
1159 3633 1359 3712 magis
1386 3635 1633 3714 proprie
1660 3637 1825 3697 sumi
1852 3637 2004 3699 dicit
2029 3637 2110 3699 ab

548 3721 792 3782 actibus
835 3723 1148 3802 appetitus
1195 3724 1493 3803 sensitivi,
1525 3747 1715 3808 quam
1744 3729 2105 3808 voluntatiS,

552 3816 700 3894 quia
736 3815 820 3876 illi
850 3818 1100 3896 proprie
1128 3817 1288 3880 fiunt
1316 3835 1459 3880 cum
1488 3823 1771 3884 motione
1802 3831 1863 3885 et
1889 3823 2109 3886 altera·

547 3909 717 3971 tione
748 3912 1045 3990 emperie,
1078 3919 1141 3974 et
1166 3911 1309 3975 ideo
1339 3931 1569 3976 nomen
1596 3919 1959 3996 passionum
1989 3917 2105 3980 sibi

546 4003 801 4082 proprie
832 4005 1192 4079 vendicant3
1221 4001 1370 4086 quia
1402 4025 1547 4069 vero
1576 4011 1938 4089 hujusmodi
1965 4029 2106 4091 pas-

550 4095 761 4158 siones
790 4095 1047 4160 fuerunt
1070 4100 1137 4159 in
1168 4098 1406 4161 Christo
1438 4101 1694 4164 omnino
1739 4103 2101 4180 moderatae,

551 4191 615 4248 et
638 4189 864 4250 rationi
897 4190 1218 4270 subJectae,
1248 4199 1317 4254 ut
1348 4200 1464 4255 art.
1490 4197 1529 4255 2
1559 4193 1791 4257 dictum
1824 4203 1937 4272 est,
1963 4197 2104 4262 ideo

552 4279 725 4342 addit
756 4282 829 4342 D.
876 4283 1149 4345 Thomas
1182 4332 1197 4360 ,
1248 4303 1326 4347 cx
1375 4285 1657 4350 doctrina
1717 4289 2104 4372 Hieronymi,

548 4391 679 4436 non
709 4375 905 4438 fuisse
932 4379 1047 4438 hos
1078 4377 1340 4440 affectus
1366 4381 1427 4440 in
1454 4379 1695 4444 Christo
1716 4399 1831 4462 per
1848 4385 2108 4448 modum

551 4467 938 4548 passionum,
974 4470 1086 4532 sed
1114 4471 1615 4552 propassionum.
1652 4475 1851 4548 Quam
1880 4475 2109 4540 doctri·-

546 4577 697 4622 nam
724 4563 933 4623 statim
956 4565 1023 4624 in
1048 4567 1338 4645 sequenti
1372 4565 1792 4647 disputatione
1836 4571 2107 4652 explica-

545 4653 755 4716 bimus
761 4671 782 4733 3
801 4655 971 4735 prior
1000 4658 1167 4719 enim
1189 4677 1337 4739 pars
1363 4660 1551 4740 hujus
1580 4661 1845 4740 articuli,
1864 4681 2004 4744 quse
2025 4663 2108 4728 ad

544 4751 904 4830 passionem
935 4755 1327 4833 corporalem
1356 4755 1650 4836 pertinet,
1674 4758 1860 4837 {nulla
1892 4759 2108 4842 dispu-

544 4843 785 4904 tatione
824 4844 1083 4925 indiget,
1125 4849 1273 4926 quis
1317 4849 1611 4912 coincidit
1638 4867 1782 4913 cum
1816 4853 2102 4915 doctrina

545 4935 626 4996 de
670 4953 933 5017 corpore
975 4939 1254 5019 passibili
1298 4943 1521 5004 Christi
1560 4961 1750 5024 supra
1798 4951 2094 5023 tractata3

542 5031 851 5108 posterior
878 5045 1027 5112 ergo
1054 5051 1217 5111 pars,
1249 5053 1389 5114 quoe
1420 5041 1517 5098 est
1540 5036 1619 5098 de
1648 5039 1943 5116 passione
1967 5039 2100 5102 ani-

543 5122 716 5199 mali,
738 5122 936 5185 fusius
965 5141 1001 5185 a
1029 5126 1209 5188 nobis
1235 5127 1603 5210 explicanda
1634 5136 1749 5192 est.

624 5314 640 5353 ¹
680 5315 845 5378 Loco
870 5315 1083 5397 citato,
1108 5320 1174 5382 in
1199 5327 1333 5401 arg.
1360 5323 1421 5383 2.

1774 337 2011 402 QUAEST.
2045 335 2150 392 XV.
2185 337 2387 392 Alme.
2423 339 2502 394 lv,

2603 513 3057 579 DISPUTATIO
3085 516 3298 582 XXIV.

2529 673 2588 727 In
2637 677 2746 726 tres
2786 671 3052 728 sectiones
3093 671 3396 728 distributa.

2183 833 2261 882 DE
2303 833 2596 882 arran-ru
2635 835 2953 897 sznsrnvo,
2986 835 3064 882 n·
3101 827 3570 886 menemus
3599 841 3680 888 m

2267 927 2624 979 pneumatis
2681 927 3186 978 communius
3247 927 3450 976 Am
3505 931 3682 984 misr!

2265 1023 2524 1072 RATIONE
2560 1025 2769 1074 Imm.

2223 1221 2232 1230 ·
2269 1185 2356 1246 De
2384 1185 2704 1248 intellectu
2731 1186 2958 1248 animoe
2979 1185 3230 1262 Christi,
3265 1191 3332 1250 et
3355 1185 3684 1266 perfectioni-

2187 1277 2308 1340 bus
2335 1280 2438 1342 vel
2463 1279 2810 1342 defectibus
2829 1280 2987 1359 ejus,
3009 1280 3250 1343 dictum
3271 1280 3398 1342 late
3419 1283 3506 1342 est
3521 1299 3682 1361 supra,

2189 1392 2252 1454 q.
2283 1377 2323 1438 9
2357 1378 2423 1436 et
2448 1389 2610 1453 seq„
2637 1373 2747 1434 ubi
2777 1374 2978 1436 obiter
3003 1375 3194 1436 etiam
3227 1373 3310 1436 de
3339 1373 3600 1436 sensibus
3617 1375 3684 1436 di·

2187 1466 2392 1530 ximus
2415 1467 2480 1530 id
2509 1467 2680 1547 quod
2709 1466 2998 1530 sufficere
3025 1467 3229 1530 visum
3263 1471 3378 1530 est.
3411 1465 3496 1530 De
3515 1468 3686 1530 volun·

2187 1569 2316 1624 tate
2361 1566 2574 1624 autem
2604 1561 2825 1624 Christi
2877 1563 3007 1644 agit
3041 1563 3113 1624 D.
3143 1563 3421 1624 Thomas
3459 1561 3616 1636 infra,
3639 1579 3682 1641 q.

2191 1659 2290 1733 ts,
2324 1673 2684 1736 quanquam
2711 1655 2794 1718 de
2821 1657 3152 1737 proecipuis
3179 1658 3322 1737 ejus
3349 1655 3688 1742 perfectioni·-

2186 1751 2304 1813 bus
2331 1769 2520 1830 supra
2555 1751 2728 1826 dixit,
2761 1768 2822 1830 q.
2853 1753 2914 1826 7,
2947 1757 3008 1812 et
3035 1751 3100 1812 in
3123 1755 3242 1813 art.
3279 1751 3308 1812 1
3341 1750 3520 1829 hujus
3540 1767 3687 1828 ques-

2185 1845 2370 1908 tionis
2411 1845 2493 1906 ab
2537 1843 2644 1906 illa
2697 1845 2958 1907 exclusit
2981 1845 3262 1924 primum
3303 1849 3368 1906 et
3405 1845 3687 1906 maximum

2185 1937 2524 2014 defectum,
2557 1943 2628 2000 ut
2653 1939 2854 2000 visum
2884 1944 3012 2013 est;
3055 1939 3170 2002 sed
3197 1937 3282 2000 de
3309 1937 3557 2009 coeten's,
3583 1953 3686 2015 qua

2188 2032 2268 2094 de
2300 2034 2624 2094 voluntate
2667 2037 3026 2114 supersunt,
3077 2033 3368 2094 dicemus
3418 2049 3477 2110 q.
3523 2027 3688 2104 18,as

2187 2129 2258 2190 D.
2289 2128 2546 2190 Thomoe
2575 2125 2858 2189 ordinem
2896 2128 3312 2190 iuver-tamus.
3347 2125 3550 2190 Solum
3573 2141 3686 2203 ergo

2189 2227 2477 2302 superest
2501 2220 2838 2283 dicendum
2875 2221 2955 2283 de
2985 2221 3272 2301 appetitu
3301 2220 3578 2284 sensitivo
3593 2218 3690 2280 ani-

2187 2333 2306 2378 mae
2327 2315 2570 2390 Christi,
2603 2315 3151 2395 ejusque‘aotibus,
3183 2313 3362 2376 unde
3389 2313 3561 2376 etiam
3585 2327 3689 2372 con·

2187 2409 2375 2471 stabit
2411 2425 2571 2489 quos
2611 2408 2899 2471 defectus
2941 2409 3152 2472 media
3198 2408 3324 2470 hac
3355 2405 3690 2488 potentiam·

2188 2503 2544 2585 sumpserit.

2825 2674 3042 2730 saeuo
3071 2676 3116 2728 1.

2190 2800 2269 2856 An
2301 2800 2364 2856 in
2401 2797 2613 2856 Christo
2660 2797 2838 2870 suerit
2862 2799 3138 2870 appetitus
3167 2795 3484 2866 sensitivn‘s,
3513 2799 3559 2850 et
3578 2801 3687 2850 acm

2409 2899 2416 2910 ·
2897 2885 3036 2957 ejus.

2271 3071 2330 3128 1.
2375 3064 2524 3126 Dico
2551 3065 2755 3143 primo
2791 3081 2929 3126 esse
2957 3063 3021 3126 in
3057 3062 3300 3126 Christo
3349 3060 3688 3125 Dominum-

2191 3177 2333 3221 rum
2377 3158 2724 3238 appetitum
2765 3157 3155 3220 sensitivam.
3203 3159 3301 3218 Ita
3347 3151 3615 3234 supponit
3637 3151 3686 3210 D.

2193 3253 2466 3315 Thomas
2497 3252 2624 3324 hic,
2655 3257 2720 3312 et
2745 3249 2933 3312 docet
2970 3250 3154 3326 infra,
3185 3269 3251 3330 q.
3301 3251 3401 3323 48,
3433 3253 3538 3309 art.
3565 3247 3614 3318 2,
3649 3248 3690 3304 et

2189 3347 2416 3426 reliqui
2447 3346 2774 3424 Theologi,
2806 3345 2873 3405 iu
2899 3347 2964 3418 3,
3006 3343 3148 3405 dist.
3203 3347 3322 3422 0173
3354 3347 3418 3404 et
3464 3346 3549 3402 est
3587 3351 3690 3440 ccu-

2191 3442 2389 3504 senda
2435 3459 2540 3502 res
2587 3447 2760 3501 certa
2807 3439 2886 3500 de
2929 3439 3091 3512 fide,
3125 3437 3301 3518 quia,
3333 3437 3476 3498 lieet
3499 3431 3600 3494 sub
3623 3427 3689 3489 lus

2191 3535 2474 3597 terminis
2518 3551 2646 3594 non
2700 3533 2778 3594 sit
2823 3533 2888 3593 in
2945 3532 3154 3610 specie
3193 3529 3484 3601 definita,
3529 3533 3690 3586 tamen

2191 3630 2546 3690 continetur
2573 3627 2635 3687 in
2667 3625 3070 3706 generalibus
3105 3621 3558 3686 definitionibus
3577 3616 3691 3680 eon·

2191 3724 2500 3795 ciliorum,
2540 3721 2768 3800 quibus
2825 3719 3236 3798 assumpsisse
3289 3717 3580 3780 Christum
3603 3711 3689 3770 hu·

2188 3835 2440 3878 menam
2465 3821 2758 3876 naturam
2789 3832 2934 3875 cum
2969 3814 3098 3875 suis
3133 3812 3426 3874 omnibus
3445 3801 3688 3870 sanititati·

2189 3913 2306 3972 bus
2333 3908 2620 3981 traditur,
2653 3925 2794 3986 quae
2825 3923 3038 3986 supra,
3069 3923 3132 3986 q.
3169 3909 3233 3979 9,
3270 3912 3526 3968 osteusoe
3561 3899 3684 3958 sunt.

2187 4007 2292 4066 Est
2347 4009 2558 4064 autem
2606 4019 2736 4064 una
2780 4016 2855 4063 ex
2901 4001 2998 4062 his
3045 4001 3360 4080 appetitus
3389 3993 3686 4095 sensitivua

2187 4115 2314 4160 non
2343 4097 2601 4177 quidem
2627 4103 2700 4157 ut
2741 4095 2862 4156 hoc
2889 4095 3146 4156 nomine
3173 4095 3512 4173 intelligam
3537 4082 3688 4188 quall-

2189 4197 2380 4254 tatem
2406 4193 2682 4270 aliquam
2707 4187 2786 4250 ab
2807 4189 3016 4248 anima
3034 4187 3389 4249 distinctam
3415 4185 3548 4264 (hoc
3563 4189 3687 4239 emm

2189 4287 2308 4347 sub
2339 4270 2638 4366 opinione
2667 4283 2833 4361 est),
2867 4280 2981 4342 sed
3007 4280 3360 4360 proximam
3384 4275 3686 4340 facultatem

2187 4381 2611 4443 necessariam
2648 4377 2728 4438 ad
2767 4381 2964 4448 actus,
3007 4393 3120 4436 seu
3157 4375 3512 4437 affectiones
3537 4360 3688 4428 sensi·

2187 4476 2346 4537 biles
2377 4481 2438 4536 et
2481 4470 2788 4534 animales
2827 4469 3203 4546 eliciendas3
3243 4458 3608 4530 unde'etism
3629 4467 3686 4558 e}

2187 4569 2308 4630 illis
2335 4567 2490 4628 loeis
2535 4566 2890 4643 Scripturas,
2931 4561 2998 4622 in
3041 4562 3272 4640 quibus
3315 4561 3378 4622 hi
3407 4562 3570 4620 actus
3601 4554 3686 4649 tr}-

2186 4661 2466 4722 buuntur
2488 4659 2762 4734 Christo,
2797 4656 3122 4718 evidenter
3148 4657 3286 4717 haec
3315 4655 3530 4718 veritas
3556 4641 3682 4746 coll}-

2187 4756 2370 4836 gitur.
2392 4754 2578 4833 Cujus
2607 4751 2764 4813 ratio
2789 4756 2963 4830 patet
2989 4765 3068 4811 ex
3095 4750 3296 4826 dictis,
3325 4755 3417 4811 est
3443 4743 3592 4807 enim
3606 4737 3680 4795 hic

2185 4849 2500 4928 appetitus
2529 4845 2608 4906 de
2633 4843 3020 4924 perfectione
3051 4849 3114 4904 et
3131 4843 3480 4923 integritate
3505 4835 3681 4932 hum?

2181 4961 2279 5003 nse
2305 4949 2570 5017 naturae,
2597 4939 2704 5019 qui
2721 4941 2910 5000 etiam
2925 4937 3198 4999 maxime
3215 4931 3584 4999 necessarias
3595 4921 3682 5025 fult

2181 5037 2262 5097 ad
2293 5035 2487 5096 finem
2511 5032 2986 5114 redemptionis,
3015 5030 3268 5107 scilicet,
3309 5035 3378 5094 ut
3398 5039 3504 5108 pro
3535 5015 3678 5082 noba

2180 5129 2454 5193 Christus
2483 5129 2609 5208 pati
2637 5135 2872 5208 posset..
3559 5131 3564 5136 “

2263 5229 2322 5285 2.
2365 5223 2518 5286 Dico
2554 5222 2832 5284 secundo
2865 5219 3054 5282 fuisse
3088 5222 3154 5282 in
3181 5219 3420 5283 Christo
3455 5219 3608 5276 veros
3629 5204 3674 5262 et

2176 5317 2466 5398 proprios
2494 5322 2674 5377 actus
2699 5315 2890 5395 hujus
2917 5303 3582 5395 appamenus-elusio
3596 5294 3674 5406 v81³²

2177 5424 2355 5490 seque
2409 5415 2577 5471 certa
2619 5427 2693 5472 ac
2723 5409 3128 5488 praecedensg
3169 5401 3512 5472 testimonia
3531 5403 3667 5494 vero,

2177 5504 2403 5584 quibus
2427 5503 2750 5582 probanda
2787 5506 2904 5578 est,
2935 5501 3278 5564 afferemus
3299 5489 3552 5571 infrs,de
3573 5497 3669 5544 sm·
