3892 6167
462 361 588 420 456

467 465 568 542 tis,
597 466 796 529 fuisse
827 463 1216 526 sacerdotem
1248 481 1326 526 eo
1355 463 1544 526 modo
1571 468 1634 525 et
1663 479 1898 542 genere
1927 479 2033 522 sa·-

465 560 760 638 cerdotii,
800 557 970 641 qued
1005 563 1292 638 tempore
1333 557 1762 638 legiensium
1803 557 1864 617 in
1909 571 2029 616 usu

467 661 633 728 erat3
677 671 890 733 neque
933 649 1102 714 euim
1129 650 1356 712 visibili
1398 650 1610 729 aliqua
1651 649 2027 711 caeremonia

465 755 872 810 consecratus
897 746 1037 819 fuit,
1059 761 1180 806 nec
1201 743 1588 824 singularem
1613 743 1894 822 aliquam
1921 759 2033 822 po·

463 847 755 903 testatem
787 846 898 900 aut
931 837 1298 918 dignitatem
1321 855 1360 898 a
1381 838 1514 898 Deo
1537 835 1828 909 obtinuit,
1859 841 1930 896 ut
1956 853 2035 896 ex

465 933 765 996 Auacleto
797 935 990 1012 Papa,
1011 930 1176 992 dicta
1205 930 1386 1009 epist.
1419 933 1460 991 2
1487 927 1822 1003 Decretali,
1851 945 2035 1008 eper-

466 1033 526 1089 te
555 1027 886 1107 colligitur,
911 1033 974 1088 et
1001 1043 1079 1086 ex
1113 1023 1430 1103 Scriptura
1461 1039 1642 1084 secra
1673 1027 1790 1082 aut
1815 1037 1894 1082 ex
1916 1019 2033 1081 ali-

463 1135 592 1201 qua
637 1116 766 1181 alia'
807 1119 1068 1182 historia
1113 1123 1228 1178 aut
1271 1115 1610 1178 traditione
1659 1115 1816 1175 nihil
1857 1113 2033 1174 aliud

463 1231 609 1276 cum
649 1213 1060 1275 fundamento
1087 1211 1382 1272 affirmari
1409 1213 1640 1290 potest,
1657 1203 2029 1288 'quanquam

461 1308 796 1370 verisimile
845 1307 946 1383 sit,
985 1323 1065 1367 ex
1109 1303 1410 1384 peculiari
1461 1302 1572 1364 Dei
1621 1301 1920 1363 instinctu
1968 1305 2031 1361 et

461 1401 898 1481 inspiratione,
951 1405 1194 1462 motum
1241 1415 1382 1459 esse
1432 1393 1894 1458 Melchisedech
1943 1393 2025 1454 ad

463 1493 852 1556 offerendum
877 1495 1006 1556 Deo
1031 1499 1274 1554 certum
1298 1509 1500 1570 genus
1521 1489 1830 1564 sacrificii,
1851 1487 2025 1566 quod

453 1590 590 1667 jam
633 1589 1114 1670 explicabimns;
1163 1594 1230 1649 ut
1265 1587 1435 1648 enim
1479 1603 1668 1664 supra
1709 1583 2021 1656 dicebam,

459 1682 524 1743 in
552 1683 695 1762 lege
725 1690 966 1745 naturse
1003 1697 1132 1743 non
1162 1685 1346 1743 erant
1373 1699 1409 1740 a
1435 1681 1564 1741 Deo
1605 1677 2022 1740 determinata

461 1776 789 1845 sacrificia,
823 1776 937 1837 sed
962 1774 1256 1837 homines
1283 1793 1396 1836 suo
1427 1773 1710 1846 arbitrio,
1755 1769 1856 1832 vel
1893 1769 2021 1830 for-

459 1876 628 1931 tusse
679 1871 870 1932 etism
923 1869 1244 1930 communi
1301 1867 1512 1946 aliqua
1565 1863 2021 1927 cousuetudine

458 1981 574 2043 pro
608 1961 967 2025 diversitate
997 1963 1328 2041 regionum
1357 1962 1464 2022 illa
1492 1957 2019 2021 determinabant.

459 2057 638 2130 Quod
693 2075 844 2136 ergo
901 2057 1005 2118 alii
1053 2057 1372 2118 faciebant
1412 2057 1690 2116 humano
1737 2051 2019 2126 arbitrie,

456 2153 661 2233 potuit
699 2149 1159 2212 Melchisedech
1191 2151 1400 2211 facere
1441 2148 1654 2210 divino
1697 2147 2017 2219 instinctu,

457 2246 620 2306 sicut
663 2243 981 2305 Abraham
1025 2243 1340 2305 interdum
1381 2241 1604 2304 obtulit
1647 2239 2019 2302 sacrificium

457 2355 538 2400 ex
566 2335 868 2414 singulari
893 2337 1004 2398 Dei
1029 2336 1436 2410 revelatione,
1461 2335 1691 2398 Genes.
1721 2336 1820 2406 {53
1847 2331 2021 2412 quod

453 2429 604 2492 licet
627 2436 870 2492 certum
899 2447 1028 2490 non
1057 2429 1168 2506 sit,
1199 2429 1312 2491 fiet
1338 2435 1548 2490 tamen
1575 2425 1899 2508 probabile
1941 2441 2019 2486 ex

453 2523 528 2584 iis
551 2539 698 2602 quar.
727 2523 1029 2586 dicemus·

528 2620 591 2680 8.
621 2618 828 2678 Tertio
861 2617 1000 2678 loco
1031 2615 1480 2696 explicandum
1499 2623 1598 2678 est
1619 2613 1804 2695 quale
1827 2613 2017 2676 suerit

454 2709 830 2772 sacrific-ium
853 2710 1026 2790 quod
1043 2709 1508 2772 Melchisedech
1533 2707 1776 2770 obtulit.
1805 2707 2029 2768 Catho-

453 2803 557 2866 lici
610 2805 778 2874 enim
825 2804 1042 2866 dicunt
1081 2803 1258 2864 illum
1309 2803 1612 2866 obtulisse
1653 2799 2028 2864 sacrificium

453 2899 638 2978 panis
653 2903 717 2960 et
737 2897 900 2971 vini3
929 2897 1211 2960 hoeretici
1241 2903 1458 2958 nutem
1483 2903 1743 2975 negant,
1770 2910 1847 2957 er.
1864 2895 2025 2956 Scri·

454 3001 642 3074 ptura
673 3011 850 3054 sacra
899 2991 1244 3070 quidquam
1291 2991 1504 3071 colligi
1550 3009 1734 3070 posse
1778 2989 1858 3052 de
1904 2991 2028 3051 boc

457 3084 760 3147 sacrificio
789 3083 1267 3161 Melchisedech,
1291 3085 1440 3164 quia
1463 3101 1581 3146 nec
1609 3083 1840 3145 Paulus
1859 3082 2027 3144 illius

456 3178 844 3240 mentionem
891 3177 1064 3254 facit,
1089 3193 1210 3239 nec
1237 3195 1316 3239 ex
1353 3177 1493 3238 loco
1521 3177 1749 3238 Genes.
1800 3179 1878 3238 u
1911 3175 2027 3236 ali-

455 3271 606 3352 quid
635 3271 838 3350 colligi
859 3277 1066 3350 polest
1097 3289 1114 3344 ;
1147 3273 1298 3352 quia
1332 3272 1423 3333 ibi
1449 3289 1582 3332 non
1614 3269 1836 3332 obtulit
1873 3269 2025 3332 Mel-

455 3365 798 3427 chisedech.
830 3363 1202 3426 saerificium
1249 3366 1372 3426 Deo
1427 3381 1506 3425 ex
1561 3383 1726 3444 pune
1755 3371 1818 3426 et
1845 3363 2017 3439 vino,

454 3458 568 3520 sed
599 3463 843 3520 tautum
879 3457 1136 3538 protulit
1183 3475 1413 3538 panem
1451 3465 1516 3520 et
1543 3459 1782 3534 viuum,
1809 3455 1879 3518 in
1923 3473 2020 3518 re-

452 3551 788 3614 fectionem
813 3569 1034 3614 eorum
1063 3553 1171 3631 qui
1201 3569 1279 3614 ex
1305 3552 1526 3630 proelio
1553 3551 1796 3632 fatigati
1811 3550 2019 3612 venie-

455 3645 610 3707 bant
635 3667 652 3721 3
679 3646 770 3706 sic
811 3646 982 3706 enim
1038 3645 1226 3706 etiem
1265 3645 1518 3726 vulgata
1563 3645 1747 3707 lectio
1785 3643 2009 3706 habet:

457 3738 916 3812 Melchisedech,
949 3755 1060 3801 rev
1088 3737 1324 3811 Salem,
1352 3745 1664 3819 prom-m
1707 3755 1924 3819 pam
1962 3744 2021 3801 et

453 3833 687 3905 vinum,
727 3831 792 3892 id
843 3834 960 3906 est,
987 3849 1202 3894 secum
1245 3831 1541 3909 efferens,
1575 3839 1644 3894 ut
1689 3831 1794 3893 illa
1841 3830 2023 3892 daret

456 3923 840 4001 AbrahamO,
867 3931 932 3987 et
977 3925 1160 3988 sociis
1204 3924 1366 4004 ejus,
1411 3925 1709 3990 bmdimit
1755 3926 1811 3988 ei
1831 3971 1851 4001 ,
1895 3931 2015 3987 ete.

387 4077 412 4102 ‚
458 4017 658 4091 Quam
689 4017 1143 4098 expositionem
1165 4018 1414 4081 videtur
1431 4019 1708 4081 indicere
1725 4020 2021 4100 Chryses·

451 4119 685 4188 tomus,
711 4112 780 4172 in
813 4112 1070 4188 Genus„
1095 4119 1159 4173 et
1189 4112 1384 4174 sensit
1433 4111 1628 4174 etiam
1659 4115 1854 4191 Cajet.
1881 4131 1897 4185 ς
1927 4111 2021 4173 fa-

451 4211 556 4268 vet
579 4205 872 4284 Joseph.,
903 4205 1012 4266 lib.
1064 4209 1096 4267 l
1159 4205 1496 4285 Antiquit.‚
1550 4225 1606 4267 c.
1651 4209 1764 4280 18,
1801 4207 2019 4268 dicens

450 4295 914 4358 Melchisedech
956 4295 1274 4358 Abraham
1339 4297 1622 4359 convivio
1667 4299 2012 4378 excepisse.

449 4389 632 4453 Unde
677 4397 1141 4468 consequenter
1181 4397 1418 4470 negant
1476 4392 1756 4454 haeretici
1791 4392 1856 4452 in
1909 4390 2015 4453 illo

446 4481 612 4545 facto
639 4483 1101 4545 Melchisedech
1127 4484 1558 4546 intercessisse
1581 4484 1912 4564 mysticam
1941 4485 2019 4546 fi·-

450 4593 696 4656 guram,
729 4575 829 4636 vel
859 4575 1382 4656 significationem
1413 4594 1660 4640 sacram
1705 4580 2015 4642 incruenti

449 4668 732 4731 sacrificii
765 4669 1180 4731 Eucharistici
1203 4689 1244 4730 a
1269 4670 1508 4733 Christo
1533 4671 1725 4734 oblati
1749 4679 1814 4735 et
1839 4673 2013 4736 insti·

450 4760 589 4836 tuti,
610 4763 758 4842 quia
787 4761 990 4822 solum
1011 4762 1128 4822 fuit
1153 4762 1504 4824 humanum
1525 4765 1842 4844 quoddam
1865 4783 2013 4828 con·

449 4855 708 4929 virium,
729 4862 794 4918 et
826 4855 1256 4918 beneficentiis
1285 4873 1467 4936 opus.
1488 4858 1722 4930 Quibus
1751 4876 1878 4921 non
1903 4877 2013 4940 pa-

449 4963 598 5008 rum
643 4947 888 5010 videtur
935 4949 1147 5011 favere
1201 4949 1454 5025 Paulus,
1485 4952 1566 5013 ad
1596 4952 1786 5014 Hebr.
1815 4956 1870 5026 7,
1905 4954 2013 5031 qui

453 5055 598 5102 cum
627 5048 914 5102 accurate
946 5041 1214 5120 explicet
1251 5044 1462 5104 omnis
1489 5045 1594 5106 illa
1618 5089 1639 5117 ,
1671 5049 1736 5106 in
1783 5045 2015 5124 quibus

449 5131 912 5196 Melchisedech
939 5134 1189 5195 videtur
1215 5135 1648 5215 praefigurasse
1675 5138 2008 5215 Christum,

453 5226 534 5288 de
555 5226 676 5286 hac
706 5225 1107 5288 similitudine
1148 5226 1215 5287 in
1269 5227 1394 5287 ritu
1421 5230 1814 5293 sacrificandi
1855 5231 2011 5292 nihil

460 5319 716 5380 omnino
747 5319 929 5392 dixin
966 5336 1110 5398 quse
1155 5324 1398 5398 tamen,
1425 5323 1738 5398 siluisset,
1767 5326 2013 5404 potissi-

455 5429 632 5474 mum
675 5411 1040 5492 explicanda
1094 5417 1264 5486 erat,
1318 5432 1462 5478 cum
1515 5425 1681 5484 esset
1728 5419 2013 5481 omnium

455 5504 750 5570 maxima.
1567 5533 1574 5538 ·
1725 5529 1734 5538 ·

1677 361 1912 424 QUAEST.
1947 361 2098 412 xxn.
2137 361 2358 414 snum
2372 359 2452 414 vl.

2194 465 2255 525 9.
2292 459 2703 538 Sacrificim
2741 462 3173 528 Melchisedech
3196 469 3389 548 typus
3438 466 3695 530 Eucha-

2111 553 2325 619 n‘stt'ae.
2360 587 2442 604 -—
2464 555 2878 618 Nihilominus
2900 565 3203 620 constans
3227 565 3298 628 et
3328 559 3701 620 cet-texeri-

2112 661 2209 710 tas
2225 654 2343 718 est,
2364 655 2427 710 et
2450 647 2913 711 Melchisedech
2938 649 3043 710 illo
3064 649 3230 712 facto
3262 651 3699 718 adumbrasse

2116 743 2519 804 Eucharistiae
2552 749 3017 804 sacramentum
3058 749 3125 804 et
3170 744 3595 818 sacrificium,
3638 753 3705 807 et

2114 837 2445 914 protulisse
2472 853 2701 916 panem
2733 843 2799 898 et
2826 835 3040 898 vinum
3059 853 3188 898 non
3220 839 3433 899 solnm
3450 838 3527 903 'in
3548 855 3703 900 eor-

2112 929 2397 1008 poi-alem
2440 929 2867 1005 refectionem,
2896 930 3011 991 sed
3060 930 3125 990 in
3154 930 3543 1012 religiosum·
3562 933 3703 992 cnl-

2112 1027 2247 1084 tum
2284 1027 2346 1083 el
2392 1021 2785 1096 sacrificium,
2808 1021 2984 1100 quod
3024 1024 3153 1084 Deo
3183 1023 3421 1086 obtulit
3444 1025 3521 1086 in
3555 1039 3703 1103 gra-

2112 1115 2343 1176 tierum
2397 1115 2712 1176 actionem
2766 1133 2883 1195 pro
2938 1115 3199 1178 victoria
3252 1117 3563 1180 Abi-ahte-
3607 1119 3697 1179 sta

2110 1209 2389 1270 sentiunt
2418 1208 2628 1270 Patres
2652 1209 2789 1269 fere
2832 1224 3057 1271 omnes
3084 1211 3353 1292 antiqui,
3384 1209 3697 1290 qui-inae

2110 1299 2430 1379 colligunt,
2462 1301 2849 1362 ordinarium
2880 1303 3141 1365 modum
3170 1311 3237 1366 et
3258 1306 3461 1368 ritum
3494 1308 3697 1367 sacli-

2110 1393 2336 1455 ficandi
2367 1394 2843 1468 Melchisedech,
2884 1395 3079 1458 fuisse
3131 1415 3251 1478 per
3294 1399 3699 1461 oblationem

2105 1487 2287 1565 panis
2310 1494 2375 1548 et
2398 1486 2548 1548 viui.
2580 1487 2759 1560 Quod
2792 1489 3067 1568 primum
3090 1489 3347 1571 probari
3380 1499 3601 1572 petest
3618 1510 3695 1554 ex

2106 1580 2209 1640 illa
2239 1579 2542 1660 particula
2568 1583 2839 1657 causali,
2864 1601 3007 1664 quo
3047 1585 3575 1665 interponiturin
3601 1585 3695 1648 lo-

2104 1692 2179 1734 co
2204 1673 2467 1736 Genesis
2498 1693 2517 1747 ;
2552 1675 2641 1741 sic
2686 1676 2858 1738 enim
2898 1676 3177 1740 dicitur:
3220 1679 3691 1755 Madisedaek,

2098 1771 2418 1850 profereus
2471 1787 2688 1848 panem
2738 1775 2797 1834 et
2834 1773 3047 1835 viuum
3080 1772 3237 1853 [crat
3282 1775 3451 1838 nixa
3484 1791 3693 1840 saeer-

2102 1863 2207 1924 doe
2240 1863 2353 1924 Dei
2384 1857 2721 1940 altis-simi)
2754 1863 3049 1928 benedicit
3076 1865 3156 1940 εἰ,
3194 1872 3317 1929 etc.
3353 1865 3511 1940 Quae
3538 1887 3689 1928 cai:-

2107 1955 2253 2016 salis
2296 1955 2513 2036 inepta
2560 1961 2755 2030 esset,
2786 1957 2910 2018 nisi
2952 1957 3059 2019 illa
3112 1959 3349 2023 oblatio
3384 1963 3579 2042 panis
3630 1975 3689 2023 ot

2104 2048 2231 2110 viui
2258 2057 2425 2113 esset
2450 2068 2654 2126 sacre,
2688 2057 2750 2112 et
2770 2050 2851 2113 ad
2880 2069 3113 2114 munus
3128 2055 3689 2135 sacerdotii-‚spee-

2104 2147 2267 2204 lanS.
2312 2143 2718 2223 Respondent
2764 2143 2941 2206 illam
2992 2148 3312 2210 causalem
3362 2167 3501 2209 nnn
3546 2167 3690 2210 esse

2102 2235 2239 2314 conj
2250 2237 2607 2315 ungendam
2638 2255 2785 2298 cum
2814 2239 3357 2314 antecedentibus,
3389 2244 3514 2307 sed
3536 2260 3685 2304 cum

2102 2330 2509 2408 sequentibus
2552 2331 2783 2407 verbis,
2814 2341 2885 2394 ut
2933 2334 3239 2398 reddatur
3278 2355 3501 2411 causa,
3554 2357 3685 2399 nou

2103 2439 2221 2484 cur
2246 2441 2481 2504 panem
2504 2425 2856 2504 protulerit,
2885 2426 3005 2489 sed
3030 2445 3143 2490 cur
3168 2430 3229 2490 ei
3258 2429 3681 2493 benedixerit.

2098 2515 2223 2578 Sed
2276 2515 2399 2578 boc
2432 2524 2529 2580 est
2566 2518 2691 2580 vim
2724 2519 2959 2581 inferre
3001 2521 3245 2596 litterte,
3274 2523 3429 2602 quie
3469 2525 3573 2600 (ut
3596 2543 3675 2585 ex

2103 2609 2275 2672 omni
2310 2629 2429 2670 usu
2457 2617 2641 2674 rectae
2666 2612 3001 2676 locutionis
3030 2618 3295 2695 constat)
3314 2641 3320 2647 ·
3338 2617 3679 2696 particula,

2107 2703 2291 2778 enin,
2322 2704 2385 2765 in
2424 2703 2787 2783 hujusmodi
2836 2725 3075 2785 genere
3102 2707 3513 2786 narrationis,
3549 2725 3677 2772 non

2107 2795 2312 2858 reddit
2348 2815 2607 2858 censam
2632 2797 2725 2860 rei
2752 2800 3107 2876 narrandae,
3144 2803 3261 2863 sed
3281 2801 3421 2882 jam
3458 2822 3679 2866 nam-

2108 2893 2213 2962 toe;
2242 2895 2333 2962 ul,
2371 2889 2453 2952 nd
2506 2891 2662 2971 Eph.
2696 2894 2733 2954 5
2779 2893 2871 2953 ait·
2914 2893 3144 2955 Paulus
3174 2897 3311 2959 :vt
3347 2896 3475 2969 filil
3520 2897 3680 2960 lueis

2108 2982 2431 3046 ammata.
2456 2985 2533 3045 Et
2558 2983 2765 3047 statim
2790 2986 3043 3048 subdit:
3076 2989 3355 3052 Fructus
3388 2993 3553 3053 enim
3583 2991 3679 3052 lu-

2106 3079 2199 3141 cis
2225 3079 2313 3139 est
2340 3077 2405 3140 in
2442 3079 2606 3140 omni
2638 3079 2921 3144 bonitale.
2952 3081 3029 3142 Et
3058 3081 3269 3143 inille
3294 3083 3507 3162 capite
3530 3091 3679 3146 sunt

2104 3168 2299 3230 multa
2329 3169 2619 3250 exempla
2648 3171 2895 3246 similia,
2929 3179 2993 3235 et
3018 3175 3257 3254 passim
3290 3176 3363 3236 in
3398 3177 3679 3255 Seriphi-

2104 3277 2199 3336 ra‚
2230 3261 2394 3324 etde
2428 3282 2495 3326 se
2518 3281 2620 3324 res
2646 3271 2741 3327 est
2768 3265 3123 3328 manifesta.
3148 3267 3330 3330 Adde
3346 3269 3573 3344 etiam,
3596 3270 3676 3330 sd

2099 3356 2605 3420 benedicendum
2632 3377 2763 3420 nen
2804 3361 3161 3440 oportuisse
3190 3379 3331 3424 esse
3376 3364 3677 3426 secerdo-

2099 3453 2252 3524 tem‚
2280 3467 2429 3512 nam
2470 3459 2769 3530 parentes
2804 3461 2917 3516 aut
2960 3455 3247 3517 seniores
3290 3455 3673 3520 benedicere

2098 3549 2387 3622 possunt.
2868 3560 2870 3562 ·
3276 3581 3303 3590 ··

2186 3639 2284 3700 ¹0.
2326 3636 2648 3701 Difficilius
2680 3645 2893 3702 tamen
2918 3641 3089 3704 eludi
3115 3645 3483 3723 potestisne
3508 3645 3670 3708 titte-

2102 3748 2173 3791 ra
2192 3733 2662 3811 respondendo,
2692 3733 2761 3794 in
2786 3735 3011 3815 gressis
3034 3741 3101 3798 et
3116 3737 3431 3800 hebreicis
3451 3757 3665 3801 exem-

2100 3823 2382 3904 plaribus
2432 3843 2559 3887 non
2614 3824 2833 3890 haberi
2888 3829 3267 3908 particulam
3318 3833 3664 3910 causalem,

2100 3919 2284 3996 enim,
2316 3918 2431 3981 sed
2462 3919 2901 4000 copulativam,
2932 3928 3025 3998 et,
3049 3929 3122 3984 nt
3154 3927 3345 3986 estin
3369 3925 3665 4000 Helu-20,

2098 4013 2221 4090 vel,
2252 4022 2476 4091 autem,
2508 4019 2577 4076 ut
2608 4025 2701 4078 est
2736 4017 2801 4077 in
2830 4035 3065 4098 gruson,
3091 4020 3265 4100 apud
3292 4021 3667 4102 Septuagin-

2096 4111 2182 4171 ta.
2208 4107 2399 4170 Nobis
2422 4127 2575 4171 vero
2600 4109 2853 4190 vulgata
2880 4111 3063 4174 lectio
3081 4111 3350 4176 sufficiet
3370 4115 3663 4179 adfidem

2096 4199 2471 4278 faciendam,
2502 4220 2657 4264 nam
2679 4204 2987 4283 particula
3014 4205 3145 4282 illa,
3178 4223 3318 4287 quse
3346 4207 3519 4288 apud
3548 4211 3665 4270 He-

2096 4294 2296 4358 braeos
2326 4301 2419 4358 est
2442 4295 2819 4376 copulative,
2849 4315 3019 4378 slepe
3051 4301 3388 4379 usquivalet
3405 4303 3659 4377 causali,

2098 4395 2169 4448 ut
2216 4393 2393 4450 notat
2432 4390 2699 4451 Sanctus
2745 4390 3083 4470 PaguinnS,
3114 4393 3227 4454 lib.
3261 4396 3291 4455 1
3335 4393 3605 4458 institut.
3640 4441 3659 4466 ,,

2096 4499 2235 4561 cap.
2266 4483 2369 4556 24,
2389 4487 2451 4544 et
2478 4483 2623 4544 ideo
2646 4483 2873 4546 merito
2898 4483 3207 4565 interpres
3235 4487 3537 4567 vulgatus
3556 4509 3661 4552 ve·

2094 4595 2237 4638 rum
2260 4595 2523 4639 sensnm
2556 4584 2905 4654 assecutus,
2932 4587 3007 4640 ut
3027 4579 3509 4660 ambiguitatem
3548 4585 3659 4646 tol-

2092 4669 2273 4742 leret,
2306 4670 2677 4748 particulam
2731 4671 3051 4734 causalem
3076 4673 3311 4752 posuit,
3342 4674 3659 4756 quiapro-

2092 4767 2233 4842 pter
2254 4763 2493 4824 nullam
2524 4764 2713 4825 aliam
2740 4781 2999 4826 causam
3022 4765 3103 4826 ibi
3132 4765 3507 4845 interposita
3544 4768 3659 4830 fuit

2094 4857 2331 4918 mentio
2360 4857 2691 4919 sacerdotii
2736 4858 3221 4933 Melchisedech,
3248 4859 3373 4920 nisi
3423 4866 3501 4920 nt
3516 4860 3657 4922 red·

2096 4947 2353 5012 deretur
2374 4968 2565 5010 causa
2618 4951 2900 5025 actionis,
2930 4969 3123 5028 qnam
3170 4958 3324 5014 tunc
3350 4954 3653 5015 exercuit.

2094 5041 2272 5115 Quod
2295 5042 2571 5104 secundo
2601 5043 2904 5121 probatur
2928 5049 3215 5107 veterum
3242 5045 3651 5126 expositione,

2094 5139 2155 5195 et
2183 5135 2580 5198 testimoniis.
2615 5135 2907 5198 Clemens
2936 5137 3273 5214 Alexand„
3304 5141 3347 5200 4
3368 5137 3651 5202 Struma—

2092 5233 2251 5302 tum,
2282 5229 2445 5290 circa
2472 5227 2692 5305 finem,
2722 5229 2893 5305 dicit,
2933 5227 3399 5292 Melchisedech
3438 5251 3649 5312 pum

2091 5323 2506 5400 sacrificatum
2526 5323 2673 5398 Dec,
2701 5325 2990 5388 abwlissc
3006 5324 3357 5388 Abraham
3373 5329 3647 5406 inresec-

2094 5418 2331 5481 tionem.
2363 5416 2499 5494 Quo
2524 5417 2719 5480 verbo
2766 5435 2897 5479 non
2928 5419 3077 5480 salis
3104 5419 3399 5498 explieat,
3434 5437 3519 5482 un
3553 5420 3645 5482 ille

2094 5510 2273 5601 panis
2298 5509 2481 5580 fuerit
2521 5517 2705 5581 antea
2743 5509 3153 5590 sacrificatus,
3176 5512 3279 5578 vel
3308 5512 3395 5576 ibi
3442 5531 3642 5582 comm
