3892 6167
1380 346 1697 400 DISPUTAT.
1732 345 1877 398 xbu.
1915 348 2082 400 SEGT.
2121 348 2159 400 1.

112 444 453 518 mysteria
484 445 985 524 supernaturalia
1010 444 1225 510 videre
1254 445 1319 508 in
1344 447 1550 510 Verbo
1582 464 1721 527 quas

110 531 175 590 in
228 536 343 598 via
404 537 839 603 crediderunt.
882 538 1169 618 Denique
1216 541 1387 618 apud
1426 539 1720 620 Augusti·

108 645 301 702 num,
337 639 578 695 notum
600 638 713 707 est,
740 631 1017 712 Angelos
1042 632 1120 692 de
1147 631 1245 692 his
1272 634 1585 711 mysteriis
1604 633 1719 694 ha-

108 719 273 782 bere
309 723 658 787 scientiam
678 723 1063 798 matutinam,
1095 724 1174 786 de
1198 725 1427 803 quibus
1453 726 1713 800 habent,

110 813 215 874 vel
254 815 623 896 aliqnando
650 817 1004 880 habuerunt
1034 819 1457 897 cognitionem
1486 836 1715 900 vesper·

109 907 321 972 cirtam
352 955 375 984 ,
428 911 543 972 lib.
587 913 627 974 4
667 909 897 974 Genes.
950 910 1031 971 ad
1059 909 1181 988 lit„
1228 930 1283 974 c.
1312 915 1391 974 22
1413 933 1431 986 ;
1480 914 1527 972 si
1564 929 1717 990 ergo

108 1004 328 1065 sancti
389 1003 624 1086 Angeli
672 1004 909 1066 lumine
952 1005 1121 1066 claro
1161 1004 1375 1066 vident
1412 1005 1477 1066 in
1513 991 1716 1067 Verbo

108 1095 603 1160 incarnationis
644 1097 1019 1177 mysterium
1050 1143 1065 1170 ‚
1116 1115 1245 1158 non
1275 1104 1371 1162 est
1398 1116 1511 1160 cur
1540 1097 1717 1159 dubi-

110 1193 369 1264 temus,
412 1207 567 1252 cum
595 1196 801 1252 essent
832 1189 1124 1264 viatoreS,
1168 1191 1533 1270 cognovisse
1563 1190 1719 1251 illud

106 1280 379 1344 lumine
436 1281 609 1347 fidei.
663 1283 1139 1362 Consequentioe
1182 1289 1395 1344 autem
1432 1283 1611 1346 facta».
1650 1283 1717 1343 in

108 1375 483 1454 principali
508 1381 881 1457 argumento
904 1375 1053 1438 satis
1076 1375 1353 1456 probatae
1382 1381 1548 1450 sunt,
1573 1393 1719 1438 cum

106 1468 191 1528 de
212 1467 490 1547 justitia
516 1469 740 1534 Adami
764 1469 1253 1550 disputaremus3
1275 1471 1369 1532 est
1392 1469 1559 1532 enim
1584 1487 1720 1532 om·-

110 1561 279 1622 nino
318 1564 564 1626 cadem
595 1563 781 1640 ratic,
812 1563 960 1644 quia
990 1563 1043 1624 si
1068 1581 1182 1642 per
1208 1563 1397 1624 fidem
1429 1569 1522 1623 est
1550 1562 1718 1624 Chri-

106 1661 217 1715 tus
252 1655 595 1718 revelatus
616 1655 873 1738 Angelis
897 1655 977 1718 ab
1004 1656 1179 1718 initio
1202 1673 1331 1716 suoe
1358 1655 1713 1732 creationis,

104 1748 255 1808 sine
286 1749 503 1810 dubio
529 1757 623 1812 est
644 1749 763 1812 illis
786 1751 1143 1830 propositus
1168 1754 1236 1810 ut
1262 1755 1453 1828 capnt
1468 1767 1711 1828 eorum,

102 1843 213 1902 cui
248 1842 759 1921 subjicerentur,
792 1850 855 1906 et
881 1845 947 1905 in
976 1861 1101 1922 quo
1132 1861 1313 1906 suam
1346 1860 1523 1924 spem
1556 1849 1617 1904 et
1644 1841 1715 1903 fi-

104 1935 275 1996 dem
308 1943 467 2016 post
495 1937 693 2000 Deum
722 1937 1119 2011 collocarem
1152 1938 1271 2000 hoc
1302 1938 1471 2000 enim
1498 1935 1711 2010 mode,

106 2031 173 2090 et
228 2035 517 2108 propter
564 2029 727 2094 hanc
774 2048 1055 2108 causam,
1100 2029 1263 2092 fides
1294 2030 1517 2092 Christi
1543 2029 1608 2090 in
1636 2029 1711 2090 iis

104 2123 383 2204 requiri
412 2123 597 2200 solet,
630 2125 739 2204 qui
762 2125 895 2188 Deo
922 2125 1197 2206 placent.
1230 2127 1321 2186 Ex
1350 2143 1474 2205 quo
1502 2123 1713 2186 verisi-

106 2214 299 2278 milis
330 2215 525 2278 valde
554 2217 1065 2298 gravissimorum
1099 2224 1427 2280 auctorum
1460 2223 1713 2278 senten-

106 2309 201 2370 tia
242 2317 377 2382 est,
410 2309 613 2372 malos
650 2311 925 2390 Angelos
962 2329 1037 2374 ex
1076 2311 1457 2375 revelatione
1488 2309 1711 2372 Christi

106 2402 251 2463 sibi
309 2401 485 2465 facta
527 2403 925 2468 occasionem
972 2405 1315 2485 sumpsisse
1360 2404 1665 2486 peccandi
1693 2447 1709 2478 ‚

104 2513 239 2574 per
276 2495 680 2575 superbiam,
712 2505 773 2560 et
796 2499 1094 2561 invidiam
1124 2497 1419 2560 humanae
1445 2504 1713 2575 naturae,

106 2589 309 2667 quod
350 2591 615 2669 Rupert.
650 2609 861 2669 supra
908 2592 1163 2668 indicat3
1212 2599 1277 2656 et
1322 2592 1713 2672 Hieronym„

105 2701 333 2762 super
362 2681 451 2744 ad
476 2681 707 2762 pres,
736 2688 767 2745 1
792 2727 815 2760 ,
864 2685 1016 2746 dum
1052 2685 1258 2764 inquit
1290 2704 1305 2746 :
1354 2685 1566 2750 Omnis
1594 2687 1717 2748 die·

104 2775 361 2852 sensio,
396 2795 530 2858 quae
557 2783 614 2840 et
640 2783 779 2842 anto
800 2780 1111 2854 munda-m,
1142 2784 1201 2843 et
1222 2785 1429 2860 postea
1455 2795 1580 2842 osto
1606 2797 1717 2842 σω-

102 2870 217 2948 pit
254 2870 335 2930 in
366 2870 623 2948 mundo,
667 2875 791 2934 tam
818 2871 1185 2946 visibilium,
1221 2889 1400 2952 quam
1436 2871 1719 2934 invisibi-

104 2960 291 3022 lium
315 2967 768 3035 creaturarum,
800 2963 1117 3028 adventum
1144 2962 1263 3026 Dei
1288 2962 1709 3044 pollicebatur.

109 3055 303 3133 Ergo
338 3053 543 3118 multo
576 3055 779 3136 magis
799 3055 1137 3118 verisimile
1166 3061 1284 3131 est,
1312 3063 1559 3118 sanctos
1589 3056 1717 3119 An·-

112 3147 321 3226 gelos
344 3147 415 3208 in
442 3147 675 3212 Christo
700 3155 763 3214 et
786 3167 900 3230 per
924 3149 1258 3224 Christum,
1282 3149 1345 3210 in
1371 3168 1563 3230 quem
1584 3167 1715 3212 cre-

108 3241 411 3314 debant,
440 3243 771 3306 meruisse.

208 3338 286 3396 7.
341 3333 508 3409 Quid
556 3336 839 3402 Christus
867 3337 1125 3422 Amyclis
1154 3339 1460 3402 mmcerit.
1504 3371 1585 3384 —
1628 3339 1719 3398 Ex

110 3431 257 3492 hac
292 3428 703 3492 conclusione
732 3431 1046 3512 colligitur
1070 3431 1372 3506 secundo,
1405 3432 1717 3492 Christum

112 3523 485 3588 Dominum
511 3524 817 3588 meruisse
838 3526 1069 3586 sanctis
1096 3525 1353 3604 Angelis
1380 3526 1589 3586 omnia
1610 3525 1718 3586 do-

112 3639 211 3680 na
248 3619 503 3698 gratiae,
534 3635 672 3696 quae
702 3619 883 3680 nobis
912 3619 1183 3680 diximus
1212 3618 1543 3696 meruisse,
1578 3637 1717 3698 pro-

114 3712 435 3792 portione
456 3719 733 3788 ,sci-vata,
784 3713 1061 3792 exceptis
1088 3712 1164 3773 iis
1204 3729 1347 3794 quae
1391 3712 1473 3772 ad
1514 3729 1719 3774 reme-

112 3808 315 3867 dium
344 3804 587 3884 peccati
608 3806 945 3884 pertinent,
977 3805 1057 3868 de
1081 3823 1207 3885 quo
1228 3804 1391 3866 infra
1410 3804 1713 3868 dicemus.

118 3901 369 3977 Itaque
418 3897 651 3959 meruit
693 3897 973 3960 Christus
1003 3897 1235 3960 sanctis
1263 3899 1519 3978 Angelis
1552 3899 1717 3962 elec·

112 3993 411 4064 tionem,
453 3989 1091 4070 praedestinationem,
1144 3992 1564 4069 vocationem,
1607 4010 1719 4052 au-

114 4085 287 4146 xilia
318 4083 536 4148 omnia
568 4083 919 4160 excitantia,
971 4083 1354 4164 adjuvantia,
1406 4084 1720 4146 sufficien-

114 4179 219 4238 tia
256 4183 323 4238 et
356 4177 635 4238 efficacia
659 4221 681 4252 ,
714 4195 789 4238 ac
816 4175 1087 4256 denique
1116 4194 1303 4238 omne
1331 4177 1627 4238 meritum
1658 4183 1721 4241 et

120 4275 563 4348 angmentum
591 4268 807 4348 gratiae.
837 4275 901 4330 et
918 4268 1153 4348 gloriae.
1187 4269 1337 4341 Quae
1359 4269 1571 4331 omnia
1600 4271 1721 4332 eis-

118 4363 287 4424 dem
324 4361 533 4424 modis
560 4361 885 4441 probanda
914 4369 1059 4424 sunt
1078 4407 1095 4438 ,
1143 4361 1373 4442 quibus
1408 4362 1489 4424 de
1517 4361 1721 4424 homi-

120 4455 332 4516 nibus
362 4455 627 4534 probata
653 4454 927 4520 fuerunt.
952 4457 1061 4520 Est
1084 4457 1254 4520 enim
1284 4455 1509 4520 eadem
1532 4455 1715 4532 ratio,

122 4549 479 4628 supposito
526 4547 713 4611 modo
754 4549 1323 4630 praedestinationis
1356 4547 1603 4624 Christi,
1654 4555 1717 4614 et

122 4640 475 4720 supposito
530 4641 719 4704 etiam
766 4643 871 4704 illo
922 4642 1251 4722 principio,
1300 4643 1471 4722 quod
1519 4642 1715 4724 gratia

124 4733 379 4796 Christi
415 4738 480 4798 et
524 4731 637 4798 Dei
680 4735 902 4798 eadem
933 4739 1053 4812 est,
1102 4737 1249 4815 quia
1280 4735 1484 4798 omnis
1510 4735 1714 4816 gratia

124 4827 251 4888 Dei
290 4845 414 4906 per
438 4827 749 4890 Christum
783 4829 1304 4892 communicatur.

218 4923 287 4984 8.
341 4919 679 5000 Responsio
714 4921 793 4984 ad
820 4927 1201 5002 arqumenta.
1242 4953 1323 4968 —
1364 4921 1458 4984 Ad
1487 4921 1715 4984 funda-

122 5019 366 5075 menta
392 5014 716 5076 contrariae
745 5014 1089 5076 sententiae.
1113 5015 1210 5076 Ad
1235 5016 1564 5096 Scripturas
1593 5024 1717 5078 tes-

124 5106 415 5168 timonia
475 5105 923 5186 respondetur,
978 5106 1363 5186 frequentius
1414 5109 1589 5188 loqui
1635 5109 1715 5172 de

126 5199 379 5259 effectu
408 5199 723 5278 passionis
770 5197 989 5259 Christi
1034 5216 1149 5279 per
1176 5200 1433 5262 modum
1472 5200 1718 5262 redem-

124 5293 407 5370 ptioniS,
441 5299 505 5352 et
538 5290 925 5354 liberationis
954 5309 991 5352 a
1020 5299 1303 5372 peccato,
1334 5299 1397 5354 et
1423 5292 1567 5356 ideo
1594 5293 1719 5354 fre-

128 5388 453 5462 quentius
482 5385 655 5466 loqui
685 5385 764 5448 de
800 5385 907 5450 illa
940 5385 1009 5448 in
1036 5385 1255 5450 ordine
1284 5385 1364 5448 ad
1391 5385 1713 5460 homiues;

128 5497 293 5539 cum
326 5495 477 5541 vero
518 5479 795 5562 loquitur
822 5480 900 5542 de
930 5479 1407 5560 gratificatione,
1436 5497 1549 5540 seu
1580 5497 1717 5542 san·

3251 343 3366 406 383

1801 445 2176 508 ctificatione
2221 464 2362 525 quae
2417 452 2510 508 est
2554 462 2669 526 per
2715 445 3050 520 Christum,
3079 447 3180 508 vel
3221 465 3366 510 cum

1799 539 2008 618 ipsum
2034 540 2324 620 proponit
2347 545 2416 602 ut
2437 539 2858 602 universalem
2879 545 3200 602 auctorem
3223 559 3366 620 gra-

1799 635 1898 693 tiae
1952 639 2012 696 et
2067 634 2308 704 salutis,
2355 651 2682 712 nunquam
2725 632 2998 694 excludit
3047 633 3354 712 Angelo=33

1798 727 1952 805 quin
2003 727 2208 805 potius
2261 745 2405 788 cnm
2457 727 2536 786 de
2589 725 2790 804 gratia
2837 724 3244 804 Angelorum,
3297 729 3362 788 et

1796 819 2005 880 causis
2041 820 2174 898 ejus
2205 838 2522 898 perpauca
2567 819 2884 896 Scriptura
2922 819 3232 894 loquatur,
3267 820 3362 880 in·-

1797 911 2208 992 telligendum
2237 912 2484 974 videtur
2513 912 2630 974 sub
2661 911 2758 972 his
2783 910 3242 972 universalibus
3273 912 3362 974 lo-

1800 1004 2154 1066 cutionibus
2207 1005 2350 1066 illos
2389 1004 2962 1084 comprehendere,
3005 1010 3076 1064 ut
3123 1003 3364 1064 dictum

1800 1105 1912 1160 cst.
1946 1099 2018 1160 In
2045 1098 2406 1178 particulari
2453 1117 2602 1162 vero
2649 1098 2732 1160 ad
2780 1097 2952 1160 illam
2995 1098 3362 1176 parabolam

1798 1192 1879 1254 de
1918 1196 2178 1254 centum
2205 1191 2425 1254 ovibus
2455 1191 2762 1270 imprimis
2792 1190 3048 1262 dicitur,
3082 1209 3190 1264 ca,
3223 1207 3362 1268 quae

1800 1287 1863 1348 in
1896 1291 2272 1366 argumento
2307 1285 2690 1359 afferuntur,
2723 1285 2926 1362 magis
2955 1285 3036 1346 ad
3069 1285 3364 1364 spiritua·-

1799 1379 1921 1440 lem
1967 1396 2226 1440 sensum
2273 1395 2464 1456 quam
2509 1378 2589 1438 ad
2635 1377 2968 1440 litteralem
3015 1378 3358 1456 pertinere,

1799 1489 1946 1534 nam
1987 1471 2266 1534 litteralis
2294 1489 2518 1534 sensus
2545 1471 2748 1534 solum
2781 1489 2922 1532 esse
2949 1470 3218 1546 videtur,
3247 1489 3360 1550 per

1800 1584 1941 1626 eam
1967 1564 2330 1644 parabolam
2354 1571 2597 1626 tantum
2627 1563 2994 1644 explicuisse
3019 1565 3357 1640 Christum,

1800 1677 1913 1721 cur
1949 1660 2159 1738 potius
2196 1677 2336 1720 cum
2367 1657 2818 1736 poenitentibus
2848 1675 3036 1736 quam
3061 1675 3206 1718 cum
3226 1658 3370 1736 jus*

1794 1753 1875 1815 tis
1898 1757 2275 1827 versaretur,
2299 1758 2368 1813 ut
2390 1752 2515 1812 late
2543 1751 2802 1812 Jausen.
2830 1750 2912 1812 ibi
2939 1751 3358 1830 prosequitur,

1797 1865 1851 1908 c.
1876 1851 1955 1912 94
1979 1845 2358 1908 Concordiae.
2381 1847 2458 1906 Et
2483 1845 2548 1904 in
2578 1845 2700 1906 hoc
2727 1845 2974 1906 litterali
3001 1861 3192 1906 sensu
3217 1843 3368 1906 fun-

1795 1941 1982 2003 datur
2001 1938 2328 2001 commode
2350 1937 2616 2018 mystica
2637 1938 3008 2000 Sanctorum
3031 1937 3358 2018 expositic»,

1796 2041 1859 2098 et
1893 2035 2014 2096 hoc
2061 2031 2250 2094 modo
2281 2031 2632 2108 retorqueri
2678 2037 2884 2110 potest
2912 2048 2989 2092 ex
3023 2030 3132 2090 illa
3178 2047 3360 2110 para-

1793 2127 1939 2190 bola
1991 2129 2472 2204 argumentum;
2521 2123 2818 2202 primum,
2877 2123 3024 2202 quia
3079 2123 3362 2186 Christus

1794 2227 1974 2282 vocat
2001 2219 2298 2300 AngeIOS,
2331 2235 2480 2280 oves
2509 2235 2680 2292 suas,
2711 2235 2890 2296 oeque
2931 2235 3004 2278 ac
3033 2217 3357 2289 homines;

1794 2332 1921 2376 non
1949 2331 2100 2392 ergo
2137 2309 2348 2372 minus
2391 2309 2476 2372 ad
2505 2327 2574 2370 se
2615 2309 2930 2388 pertinere
2959 2310 3202 2372 censuit
3227 2310 3361 2370 illo·

1794 2426 1939 2469 rum
1991 2405 2260 2468 salutem
2299 2422 2492 2483 quam
2525 2403 2878 2470 hominum.
2913 2403 3200 2482 quamvis
3245 2422 3360 2482 pro

1796 2499 2182 2570 hominibuS,
2213 2497 2323 2576 qui
2350 2497 2490 2575 plus
2519 2495 2913 2574 indigebant,
2946 2495 3088 2574 plns
3112 2495 3360 2558 labora-

1798 2593 1978 2656 verit.
2013 2589 2282 2665 Deinde,
2313 2591 2473 2652 sicut
2499 2589 2856 2666 relinquere
2879 2589 3080 2668 justos
3109 2607 3236 2651 non
3267 2593 3362 2650 est

1798 2706 1929 2749 non
1957 2684 2189 2748 mereri
2217 2683 2362 2760 illis,
2389 2701 2598 2762 neque
2631 2700 2760 2742 non
2803 2683 3052 2762 operari
3095 2681 3362 2744 salutem

1796 2781 2072 2851 illorum,
2101 2777 2212 2840 sed
2242 2784 2338 2840 est
2367 2795 2494 2838 non
2521 2777 2608 2838 ita
2633 2777 2994 2838 conversari
3041 2793 3184 2836 cum
3211 2775 3358 2848 illie,

1797 2890 2005 2952 neque
2033 2871 2174 2932 illos
2215 2876 2307 2931 tot
2333 2869 2557 2933 mediis
2599 2873 2662 2934 et
2696 2869 2901 2932 modis
2929 2887 3244 2946 quaerere,
3275 2871 3362 2930 ita

1797 2965 2156 3042 relinquere
2185 2962 2462 3042 Angelos
2485 2980 2614 3024 non
2655 2961 2775 3024 fuit
2801 2979 2931 3022 non
2959 2959 3186 3022 mereri
3215 2959 3358 3035 illis,

1797 3058 1913 3122 sed
1950 3057 2070 3120 fuit
2097 3057 2180 3122 ad
2217 3057 2508 3118 homines
2553 3054 2852 3132 singulari
2883 3053 3071 3114 modo
3099 3053 3366 3116 descen·-

1796 3153 1972 3225 dere,
1999 3150 2216 3212 relicto
2247 3148 2328 3210 ad
2358 3155 2604 3228 tempus
2631 3146 3016 3227 Angelorum
3049 3146 3360 3210 consortio

1797 3252 1859 3308 et
1885 3250 2052 3306 statu
2077 3241 2398 3304 beatifico.

1877 3341 1941 3400 9.
1991 3337 2086 3401 Ad
2129 3334 2560 3396 testimonium
2591 3333 2789 3409 Pauli,
2821 3335 2902 3396 ad
2933 3334 3121 3396 Hebr.
3153 3336 3214 3402 2.
3243 3334 3364 3396 iin-

1798 3429 2018 3511 primis
2043 3428 2182 3491 fieri
2211 3433 2420 3506 potest
2445 3427 2540 3486 vis
2567 3427 2630 3486 in
2659 3426 2780 3488 illis
2801 3427 3010 3488 verbis
3035 3444 3054 3488 ε
3083 3425 3202 3500 Qui
3223 3445 3366 3490 sme-

1800 3525 2038 3600 ctifioat
2077 3527 2132 3586 et
2181 3521 2666 3598 sanctificantur,
2705 3531 2823 3580 etc.
2874 3521 2948 3580 Et
2993 3517 3082 3582 sic
3132 3518 3364 3598 duplex

1798 3621 2006 3696 potest
2033 3631 2174 3676 esse
2193 3613 2544 3693 responsio,
2566 3612 2663 3672 vel
2685 3618 2854 3674 certe
2886 3612 3130 3690 triplex.
3153 3612 3362 3672 Prima

1800 3715 1917 3786 est,
1955 3725 2086 3770 non
2141 3725 2282 3768 esse
2333 3705 2698 3784 legendum,
2755 3703 2872 3776 Qui
2914 3705 3251 3784 sanctificat
3303 3709 3364 3768 et

1799 3800 2282 3881 sanctificantur,
2309 3799 2444 3870 sed,
2477 3799 2594 3872 Qui
2619 3798 2969 3872 sanctificat
3009 3804 3064 3860 ει
3091 3797 3364 3876 sanctifi-

1800 3907 1998 3970 catur,
2031 3899 2104 3954 nt
2132 3893 2248 3954 hoc
2281 3892 2360 3954 sit
2405 3891 2720 3970 quoddam
2753 3891 3070 3970 singulare
3103 3907 3358 3968 nomeu,

1801 3997 1865 4052 et
1902 3989 2082 4070 quasi
2129 3988 2450 4067 epitheton
2491 3985 2739 4050 Christi.
2774 3987 2874 4049 Sic
2925 3985 3088 4046 enim
3137 3985 3362 4064 legisse

1799 4083 2048 4144 videtur
2070 4081 2354 4160 Dionys.,
2380 4098 2518 4160 cap.
2537 4083 2580 4142 4
2604 4080 2682 4142 de
2709 4079 3062 4142 Ecclesiast.
3091 4079 3360 4154 Hieran,

1802 4175 1968 4237 circa
2005 4174 2222 4250 finem,
2253 4173 2494 4246 dicem,
2527 4173 2859 4248 Christum,
2881 4172 3066 4251 juxta
3103 4171 3362 4232 modum

1799 4267 2106 4349 loquendi
2135 4266 2490 4346 Scripturas,
2523 4285 2661 4328 esse
2709 4283 2852 4328 eum
2893 4267 2998 4346 qui
3023 4266 3366 4345 saiiotificat

1800 4367 1859 4426 et
1908 4362 2370 4438 sanctificatur,
2422 4360 2590 4438 quod
2637 4377 2872 4423 nomen
2915 4359 2980 4419 in
3018 4359 3192 4420 nullo
3239 4357 3362 4420 alio

1800 4455 2139 4534 Scripturas
2167 4453 2306 4516 loeo
2334 4454 2576 4517 Christo
2607 4453 2900 4514 tribuitur
2919 4497 2938 4526 ,
2961 4459 3032 4514 nt
3055 4453 3142 4514 ibi
3175 4451 3366 4516 Maxi·

1799 4565 1941 4608 mus
1965 4547 2226 4624 notavit,
2245 4564 2568 4626 exponens
2583 4545 2978 4626 Dionysium.
2999 4545 3362 4626 Eodemque

1795 4640 1988 4702 modo
2033 4638 2262 4720 legisse
2313 4638 2561 4700 videtur
2607 4639 2766 4700 alter
2811 4639 3066 4718 Dionys.
3099 4638 3364 4702 Alexan-

1796 4733 1990 4805 drin.,
2015 4733 2080 4794 in
2111 4733 2294 4812 epist.
2321 4738 2537 4794 contra
2570 4731 2832 4794 Paulum
2861 4731 3358 4806 samosatenum,

1794 4825 1966 4906 apud
1996 4827 2376 4888 Turi-ianam
2415 4825 2480 4886 in
2527 4825 2892 4904 Oplotccha,
2921 4825 3028 4885 ubi
3056 4824 3224 4886 idem
3261 4842 3364 4885 re·

1795 4919 1917 4982 fert
1959 4937 2038 4980 ex
2078 4918 2268 4999 Cyril.
2289 4961 2314 4996 ,
2341 4917 2450 4979 lib.
2485 4919 2524 4978 3
2562 4925 2782 4980 contra
2831 4919 3207 4990 Nestorian.,
3256 4919 3363 4997 qni

1796 5015 1966 5076 idem
2004 5015 2196 5075 habet
2230 5012 2338 5074 lib.
2393 5015 2422 5077 1
2479 5013 2558 5076 de
2607 5013 2754 5076 Fide
2785 5013 2868 5076 ad
2910 5014 3186 5092 reginas,
3217 5032 3357 5094 cap.

1804 5109 1975 5184 Quod
2013 5107 2301 5172 Christus
2331 5125 2490 5172 unus
2520 5110 2628 5170 sit.
2661 5106 2796 5178 Qua
2825 5105 3094 5170 lectione
3135 5125 3366 5188 suppo-

1802 5202 1957 5278 sita,
1987 5200 2234 5262 nullum
2261 5205 2468 5280 potest
2496 5217 2574 5260 ex
2599 5199 2724 5260 illis
2751 5197 2957 5264 verbis
2987 5200 3148 5262 sumi
3177 5215 3364 5278 argu·-

1800 5299 2108 5360 mentum.
2136 5293 2348 5360 Obstat
2375 5312 2525 5356 vero
2555 5293 2702 5356 huic
2729 5293 3120 5374 responsioni
3147 5292 3363 5370 vulga·

1800 5394 1862 5451 ta
1890 5388 2100 5466 lectio,
2129 5405 2272 5468 quae
2301 5387 2368 5451 iu
2413 5386 2640 5467 plurali
2671 5386 2886 5458 habet,
2921 5386 3041 5460 Qui
3079 5386 3362 5460 sanctifi-

1800 5487 2063 5554 cantum
2083 5486 2146 5542 et
2177 5481 2398 5544 eodem
2433 5480 2618 5542 modo
2648 5479 2938 5544 videntur
2969 5479 3198 5559 legisse
3229 5495 3365 5540 om-
