3892 6167
564 392 816 565 'ige-bum
838 508 1035 568 mum,
1050 506 1231 571 quam
1256 486 1469 553 anima
1496 486 1747 557 Christi.
1780 488 1952 555 Sunt
1973 506 2116 572 erpo

1816 390 2056 455 Quaesr.
2087 390 2152 449 Χ.
2185 392 2388 449 Anne.
2421 392 2506 449 IV.

2197 490 2422 557 dictum
2447 495 2538 557 est
2557 490 2574 532 ¹
2609 490 2680 557 de
2702 488 2936 576 qratia,
2962 490 3121 575 quod
3139 508 3258 557 nou
3273 496 3643 575 potestesse
3659 513 3768 561 ma·

550 586 790 667 infiniti
834 586 1065 670 qradus
1102 582 1281 647 medii
1313 582 1648 663 possibiles,
1686 582 1845 647 inter
1878 584 2118 648 modum
2181 584 2296 666 jor
2321 585 2528 669 aratia
2557 604 2739 668 quam
2774 586 2985 668 qratia
3007 585 3270 663 Christi,
3295 604 3426 667 per
3453 594 3768 667 respectum

552 698 665 762 quo
692 682 858 744 Deus
890 679 1051 742 videt
1092 674 1343 745 Verbum
1377 692 1581 752 suum,
1606 680 1665 741 et
1690 676 1855 741 inter
1875 678 2118 741 modum

552 790 667 856 quo
711 775 920 837 anima
956 770 1186 837 Christi
1220 768 1381 834 videt
1412 770 1635 851 ipsum.
1663 770 1839 852 Erqo
1876 788 2000 833 non
2025 775 2118 835 est

552 868 933 931 asserendum
994 864 1153 947 quod
1208 865 1417 928 anima
1482 861 1725 928 Christi
1774 865 2116 946 perfectius

549 960 749 1026 videat
798 960 1053 1028 Verbum
1091 958 1185 1021 vel
1222 956 1543 1023 essentiam
1584 957 1857 1023 divinam
1873 1002 1895 1035 ,
1932 974 2116 1039 quam

554 1054 832 1137 quoelibet
860 1052 987 1117 alia
1010 1056 1315 1116 creatura.

633 1148 767 1214 Sed
800 1152 1015 1213 contra
1063 1150 1155 1211 est
1208 1148 1367 1229 quod
1413 1146 1749 1229 Apostolus
1806 1144 1980 1224 dicit,
2037 1147 2124 1213 ad

549 1242 778 1326 Ephes.
810 1244 871 1318 1,
906 1241 1063 1323 quod
1114 1242 1279 1305 Deus
1324 1242 1645 1306 constituit
1694 1239 2012 1305 Christum
2037 1240 2123 1305 ad

551 1337 859 1400 dexteram
903 1350 1081 1399 suane
1116 1334 1186 1397 in
1229 1334 1560 1401 coelestibus
1575 1378 1597 1411 ,
1644 1349 1839 1415 supra
1888 1350 2118 1399 omnem

544 1428 984 1512 principatum,
1004 1433 1059 1492 et
1081 1427 1467 1503 Potestatem,
1495 1434 1553 1492 et
1591 1428 1909 1503 Virtutem,
1938 1432 1994 1491 et
2013 1429 2118 1491 do·

548 1524 960 1600 minationem
998 1528 1058 1588 et
1092 1538 1261 1586 omne
1302 1540 1513 1587 nomen
1548 1523 1708 1603 quod
1738 1520 2113 1601 nominatur,

546 1632 667 1679 non
692 1616 885 1681 solum
906 1618 979 1679 in
1005 1618 1113 1680 hoc
1158 1616 1399 1692 saeculo,
1430 1616 1537 1682 sed
1554 1612 1737 1681 etiam
1762 1614 1833 1678 in
1873 1620 2108 1693 futuro.

552 1708 683 1775 Sed
698 1711 767 1773 in
796 1709 911 1775 illa
954 1710 1175 1775 coelesti
1200 1710 1403 1790 yloria
1432 1714 1601 1775 tanto
1636 1708 1860 1791 aliquis
1888 1713 1978 1773 est
2003 1726 2110 1771 su-

541 1805 769 1884 perior,
799 1810 1019 1886 quanto
1044 1803 1369 1886 perfectius
1404 1804 1704 1885 coquoscit
1730 1804 1945 1867 Deum.
1980 1803 2114 1865 Er-

546 1915 621 1981 ρο
648 1898 858 1962 anima
890 1897 1123 1963 Christi
1139 1898 1467 1980 perfectius
1492 1898 1651 1962 videt
1676 1898 1897 1974 Deum,
1929 1912 2112 1979 quant

550 1992 781 2071 quoeois
800 1990 931 2056 alia
956 1996 1261 2057 creatura.

624 2085 973 2167 Respondeo
1009 2084 1324 2150 dicendum
1346 2128 1367 2161 ‚
1396 2084 1557 2166 quod
1587 2083 1739 2149 visio
1770 2082 1995 2149 divina
2023 2102 2112 2152 es·

546 2181 756 2243 sentite
780 2180 1049 2244 convenit
1076 2179 1347 2243 omnihus
1375 2178 1564 2243 beatis
1589 2222 1605 2253 ‚
1626 2180 1945 2245 secundum
1963 2196 2112 2265 par·

544 2274 952 2357 ticipationem
1006 2272 1255 2338 luminis
1304 2271 1564 2339 derivati
1612 2272 1681 2335 in
1728 2290 1822 2339 eos
1866 2292 1907 2339 a
1949 2278 2114 2351 fonte

557 2366 731 2434 Verbi
752 2368 887 2443 Dei,
915 2368 1231 2431 sectandum
1252 2366 1417 2431 illud
1434 2366 1679 2431 Eccles.
1704 2369 1731 2428 1
1770 2383 1787 2429 z
1818 2366 1984 2433 Fons
2007 2386 2110 2435 sa·

542 2459 817 2542 pientia,
871 2461 1123 2529 Verbum
1150 2460 1267 2525 Dei
1292 2460 1363 2523 in
1388 2460 1657 2525 excelsis.
1704 2460 1881 2525 Huic
1908 2467 2110 2527 autem

556 2552 737 2620 Verbo
802 2555 923 2619 Dei
980 2553 1387 2639 propinquius
1454 2554 1850 2637 conjunyitur
1901 2555 2112 2621 anim

546 2646 800 2724 Christi,
832 2666 965 2730 φατε
993 2655 1085 2713 est
1101 2648 1276 2714 unita
1317 2647 1503 2717 Verbo
1524 2646 1593 2711 in
1616 2664 1894 2728 persona,
1925 2664 2110 2731 quau

542 2741 771 2821 quoecis
800 2742 932 2806 alia
970 2747 1271 2807 creatura.
1319 2741 1415 2806 Et
1450 2740 1578 2805 ideo
1616 2740 1855 2823 plenius
1889 2742 2110 2825 recipit

538 2832 931 2915 influentiam
967 2836 1224 2899 luminis
1249 2881 1265 2910 ,
1287 2836 1357 2897 in
1394 2852 1509 2916 quo
1538 2836 1704 2901 Deus
1730 2836 1991 2914 videtur,
2030 2836 2105 2902 ab

539 2929 675 3009 ipso
726 2929 909 2997 Verbo
931 2975 954 3006 ,
994 2947 1175 3011 quam
1217 2944 1577 3012 quecunque
1622 2928 1755 2995 alia
1795 2936 2100 2997 creatura.

540 3021 635 3085 Et
664 3024 791 3087 ideo
814 3044 947 3107 proe
985 3021 1218 3089 coeteris
1254 3022 1553 3087 creaturis
1577 3025 1914 3103 perfectius
1939 3026 2104 3093 videt

540 3116 743 3197 ipsam
781 3117 1095 3181 ceritatem
1115 3162 1131 3189 ,
1177 3132 1311 3197 quoe
1338 3118 1428 3181 est
1452 3114 1570 3181 Dei
1596 3117 1879 3181 essentia.
1938 3120 2104 3185 Unde

538 3208 765 3273 dicitur
788 3210 972 3275 Joan.
1006 3212 1037 3273 1
1069 3228 1083 3271 :
1139 3208 1415 3277 Vidimus
1440 3210 1705 3292 ¹aloriano
1732 3211 1889 3292 ejus,
1922 3214 2105 3295 quasi

548 3302 869 3384 Uni-ueniti
890 3324 931 3368 a
954 3306 1163 3381 Patre,
1192 3303 1458 3385 plenum,
1488 3322 1607 3369 non
1632 3307 1829 3371 solum
1849 3312 2100 3389 qratioe,

536 3398 645 3461 sed
665 3399 846 3461 etiam
873 3398 1174 3463 veritatis.

616 3490 721 3560 Aa
750 3491 1021 3571 primum
1056 3510 1201 3574 erqo
1242 3492 1579 3569 dicendum,
1622 3492 1782 3577 quod
1806 3498 2102 3576 perfectio

540 3584 907 3665 counitionis
930 3630 951 3661 ‚
999 3592 1293 3665 quantum
1346 3592 1433 3652 est
1481 3602 1555 3652 ιω
1596 3592 1780 3671 parte
1828 3591 2056 3673 coquiti
2081 3636 2099 3667 ,

538 3680 875 3745 attenditur
924 3683 1242 3746 secundum
1288 3682 1551 3747 medium
1584 3706 1609 3753 ‚·
1658 3684 1765 3747 sed
1806 3688 2100 3765 quantum

536 3778 627 3857 est
676 3790 749 3836 esc
788 3780 967 3853 parte
1014 3776 1416 3857 coqnoscentis
1444 3820 1461 3852 ‚
1514 3776 1850 3843 attenditur
1892 3794 2100 3841 secun·

536 3865 675 3928 dum
734 3868 1071 3947 potentiam
1136 3868 1231 3933 vel
1301 3869 1593 3935 habitum.
1653 3870 1750 3933 Et
1818 3868 1956 3933 inde
2011 3877 2101 3935 est

534 3962 693 4041 quod
714 3962 897 4027 etiam
932 3963 1093 4027 inter
1129 3963 1417 4041 homines,
1435 3980 1551 4047 per
1586 3980 1775 4029 unm
1810 3964 2094 4043 medium,

534 4070 693 4118 unus
728 4057 1054 4138 perfectius
1096 4058 1394 4142 cognoscit
1444 4058 1713 4140 aliquam
1764 4058 2100 4123 conclusio-

532 4164 666 4211 nem
702 4166 882 4230 quam
915 4150 1099 4215 alius.
1144 4152 1239 4215 Et
1266 4170 1377 4235 per
1404 4152 1561 4215 hunc
1592 4154 1849 4225 modum,
1888 4153 2099 4217 anima

537 4240 777 4306 Christi
799 4288 815 4317 ‚
861 4261 993 4324 quoe
1042 4244 1467 4308 abundantiori
1510 4243 1783 4325 repletur
1833 4246 2060 4310 lumine
2074 4292 2096 4323 ,

526 4335 858 4414 perfectius
904 4337 1210 4416 coquoscit
1245 4336 1512 4400 divinam
1554 4340 1875 4403 essentiam
1921 4357 2102 4420 quam

534 4428 650 4492 alii
676 4430 855 4508 beati,
888 4432 1023 4495 licet
1052 4446 1251 4495 omnes
1284 4432 1483 4513 ipsam
1511 4432 1629 4497 Dei
1656 4434 1977 4499 essentiam
2007 4434 2100 4499 vi-

534 4521 712 4587 deant
731 4540 845 4604 per
870 4542 933 4589 se
961 4524 1183 4607 ipsam.

611 4613 714 4680 Aa
749 4618 1065 4682 secundum
1106 4617 1413 4683 dicendum
1438 4661 1455 4693 ,
1496 4619 1655 4699 quod
1690 4619 1841 4684 visio
1874 4620 2098 4685 divinae

531 4708 800 4775 essentia
816 4712 1044 4776 excedit
1063 4711 1407 4775 naturalem
1416 4712 1753 4793 potentiam
1776 4714 1879 4794 cuj
1880 4714 2098 4781 uslibet

534 4808 861 4881 creaturoe,
900 4809 975 4869 ut
1002 4806 1071 4870 in
1100 4803 1312 4886 prima
1334 4809 1513 4885 parte
1540 4804 1764 4872 dictum
1790 4811 1884 4871 est
1910 4808 1952 4871 ¹.
2001 4810 2101 4875 Bt

533 4896 661 4960 ideo
693 4899 925 4977 ‚crudus
959 4898 1029 4961 in
1066 4898 1209 4979 ipsa
1250 4898 1641 4963 attenduntur
1672 4899 1869 4984 mayis
1896 4920 2098 4967 secun·

532 4988 673 5052 dum
712 4991 977 5055 ordinem
1015 4993 1239 5076 qratioe
1262 5034 1278 5065 ,
1318 4990 1387 5053 in
1418 5006 1533 5072 quo
1566 4991 1851 5058 Christus
1880 5002 1968 5060 est
1993 5012 2098 5061 σω·

532 5080 993 5148 cellentissimus
1013 5130 1035 5163 ,
1076 5102 1258 5168 quam
1285 5084 1601 5149 secundum
1630 5088 1894 5151 ordinem
1918 5096 2098 5155 natu-

528 5192 639 5247 ra,
674 5178 990 5243 secundum
1018 5196 1187 5261 quem
1214 5182 1442 5244 natura
1469 5180 1737 5265 anqelica
1757 5185 2098 5266 pra-fertur

528 5268 828 5333 humanae.

606 5364 713 5426 Aa
758 5364 1005 5429 tertium
1052 5365 1357 5431 &cendum
1388 5410 1406 5443 ,
1457 5370 1635 5450 quod,
1686 5370 1848 5437 sicut
1901 5386 2095 5454 supra

615 5554 630 5589 ¹
678 5552 747 5625 Q.
780 5555 878 5629 12,
912 5570 970 5617 a.
1002 5557 1064 5615 4.

2195 680 2280 743 ad
2301 682 2576 743 unionem
2614 678 2829 756 Verbi,
2859 680 3014 745 iden·
3036 679 3220 745 etiam
3247 681 3590 747 dicendum
3619 689 3770 751 estet

2196 773 2265 837 de
2283 776 2652 855 perfectione
2679 774 2905 837 divinae
2927 772 3186 838 visionis
3208 820 3224 848 ,
3265 774 3428 839 licet
3451 818 3476 849 ‚
3519 775 3768 843 absolute

2195 869 2622 935 considerando
2647 912 2664 945 ,
2692 866 2894 950 possit
2915 884 3041 933 esse
3065 866 3289 949 aliquis
3321 868 3580 949 aradus
3603 868 3770 935 altior

2194 960 2622 1046 sublimiorque
2657 962 2978 1029 secundum
3003 961 3388 1039 infinitatem
3429 960 3658 1029 disinoe
3679 983 3768 1045 po-

2196 1056 2426 1121 teutioe.

2662 1215 3286 1283 COMMENTARJUS.

2281 1433 2338 1491 1.
2401 1430 2471 1491 111
2517 1430 2944 1511 superioribus
2997 1429 3274 1493 articulis
3327 1430 3644 1511 explicuit
3699 1434 3756 1493 D.

2194 1522 2470 1587 Thomas
2492 1523 2946 1605 perfectionem
2975 1522 3256 1587 scientias
3281 1524 3507 1587 heatae
3556 1524 3757 1587 Christi

2195 1634 2273 1680 ex
2299 1623 2476 1698 parte
2521 1617 2784 1698 objecti3
2831 1636 3006 1681 nunc
3051 1617 3328 1681 ostendit
3359 1617 3546 1679 illius
3575 1619 3760 1681 excel·
3846 1654 3847 1665 κ

2189 1708 2446 1773 lentiam
2471 1728 2550 1773 ex
2573 1718 2752 1793 parte
2771 1712 3050 1789 luminis,
3081 1729 3198 1775 seu
3213 1711 3560 1794 potentin,
3579 1717 3640 1775 et
3653 1712 3754 1775 hoc

2191 1802 2382 1865 modo
2437 1804 2624 1869 docet
2669 1807 2952 1869 animam
2987 1806 3214 1869 Christi
3267 1806 3519 1869 clarius
3564 1804 3754 1869 videre

2193 1896 2392 1959 Deum
2421 1900 2592 1960 omui
2621 1899 2742 1961 alia
2770 1906 3078 1963 creatura.
3109 1900 3188 1963 Et
3209 1905 3346 1963 tota
3381 1897 3599 1963 littera
3629 1900 3752 1963 arti·

2193 1990 2317 2051 culi
2351 1991 2694 2055 clarissima
2722 2000 2840 2057 est.

2277 2088 2336 2149 2.
2383 2085 2532 2159 Quae
2559 2086 2896 2167 Cajetanus
2914 2092 3094 2150 notat
3113 2087 3180 2151 in
3207 2086 3537 2150 solutione
3557 2089 3638 2151 ad
3661 2109 3748 2153 se·

2193 2179 2473 2243 cundum
2499 2184 2563 2241 et
2611 2181 2888 2257 tertium,
2935 2180 3218 2245 cavenda
3261 2185 3423 2243 sunt
3475 2190 3542 2245 et
3585 2184 3750 2245 corri-

2193 2274 2438 2355 genda3
2461 2292 2593 2337 non
2621 2275 2828 2337 solum
2857 2274 3026 2337 enim
3053 2274 3214 2337 falsa
3235 2280 3414 2351 sunt,
3435 2274 3550 2337 sed
3579 2276 3744 2339 etiam

2191 2370 2410 2429 contra
2431 2384 2796 2447 expressam
2819 2374 3098 2431 mentem
3127 2369 3202 2432 D.
3233 2368 3540 2443 Thomae3
3571 2368 3638 2431 in
3664 2386 3746 2431 so·

2187 2457 2428 2521 lutioue
2459 2460 2630 2521 enim
2653 2460 2736 2523 ad
2761 2464 2826 2539 2,
2853 2460 2942 2523 ait
2960 2461 3031 2523 D.
3057 2461 3336 2525 Thomas
3361 2462 3606 2542 gradus
3625 2479 3742 2543 per-

2191 2551 2476 2615 fectionis
2503 2553 2570 2614 in
2594 2552 2804 2617 divina
2827 2554 3068 2617 visione
3097 2556 3302 2636 magis
3339 2552 3740 2618 attendendos
3847 2558 3849 2627 j

2189 2663 2330 2709 esse
2351 2645 2706 2709 secundum
2729 2646 3017 2711 ordinem
3045 2648 3284 2729 gratioe,
3313 2666 3520 2728 quam
3543 2666 3740 2709 secun·
3847 2672 3849 2727 ξ

2188 2740 2341 2803 dum
2371 2740 2657 2803 ordinem
2677 2748 2952 2815 naturam
2985 2740 3154 2803 unde
3179 2741 3374 2805 infert
3397 2740 3736 2823 cajetanus,

2189 2852 2266 2897 ex
2297 2840 2564 2916 utroque
2587 2835 2792 2916 capite
2822 2834 2972 2897 oriri
3003 2853 3192 2917 posse
3226 2842 3290 2898 ut
3315 2854 3452 2898 una
3479 2835 3632 2898 visio
3673 2835 3736 2898 sit

2184 2928 2524 3009 perfectior
2551 2928 2698 3005 alia,
2721 2932 2913 3011 atque
2929 2928 3090 2992 adeo
3103 2928 3556 3011 perfectiorem
3581 2928 3738 2990 intel-

2185 3020 2419 3086 lectum
2457 3040 2601 3086 cum
2649 3024 2875 3086 eodem
2905 3022 3144 3087 lumine
3171 3022 3524 3104 perfectius
3551 3022 3732 3085 videre

2182 3116 2402 3179 Deum.
2435 3115 2560 3180 Sed
2581 3116 2888 3199 quidquid
2905 3117 2985 3180 sit
3009 3116 3090 3179 de
3119 3134 3188 3179 re
3209 3116 3445 3197 (quam
3471 3134 3590 3197 ego
3617 3116 3732 3177 sine

2184 3209 2376 3273 dubio
2401 3210 2625 3273 falsam
2647 3212 2996 3291 existimo),
3029 3210 3095 3271 in
3119 3211 3240 3273 hac
3259 3211 3476 3274 littera
3498 3211 3568 3272 D.
3593 3208 3732 3271 Tho·

2184 3321 2302 3367 mae
2329 3304 2574 3367 nullum
2601 3304 2796 3369 habet
2833 3303 3316 3367 fundamentum
3332 3348 3352 3381 ,
3399 3303 3518 3366 sed
3545 3320 3620 3366 ex
3641 3302 3730 3364 illa

2183 3400 2395 3479 potius
2423 3399 2807 3463 contrarium
2834 3417 2966 3462 non
3009 3398 3277 3461 obscure
3312 3398 3645 3478 colligitur,
3686 3396 3728 3457 si

2185 3493 2541 3572 argumenti
2563 3494 2829 3555 intentio
2859 3492 3314 3563 consideretur,
3339 3500 3407 3555 et
3433 3498 3602 3555 recte
3639 3506 3727 3569 ap-

2183 3586 2452 3667 plicetur
2465 3586 2720 3661 soluti03
2743 3592 3188 3667 argumentum
3213 3586 3386 3649 enim
3411 3582 3726 3649 contende·
3849 3624 3851 3641 ᾗ

2182 3677 2326 3755 bat,
2359 3679 2674 3759 Angelum
2721 3680 3060 3761 perfectius
3086 3680 3300 3741 videre
3327 3680 3532 3743 Deum
3557 3694 3720 3759 quam
3849 3648 3851 3703 Ι

2181 3772 2460 3835 animam
2487 3770 2738 3852 Christi,
2768 3774 2916 3855 quia
2951 3772 3144 3836 hahet
3171 3773 3614 3854 perfectiorem
3636 3771 3720 3831 in-

2181 3866 2520 3929 tellectum.
2580 3868 2940 3948 Respondet
2991 3868 3065 3929 D.
3127 3868 3406 3930 Thomas
3453 3864 3718 3947 negando

2180 3962 2719 4040 consequentiam,
2751 3967 2814 4023 et
2849 3962 3158 4024 rationem
3195 3962 3428 4038 reddit,
3461 3960 3606 4040 quia
3631 3958 3719 4019 illa

2177 4056 2332 4118 visio
2359 4061 2457 4117 est
2501 4074 2693 4137 supra
2733 4056 3086 4119 naturalem
3135 4056 3585 4136 perfectionem
3625 4068 3716 4132 po-

2179 4149 2390 4210 tentiae
2411 4154 2676 4223 creatoe3
2699 4148 2965 4214 intendit
2991 4167 3142 4229 ergo
3169 4150 3572 4223 concludere,
3591 4164 3716 4227 per-

2180 4241 2516 4303 fectionem
2541 4242 2800 4305 visionis
2840 4261 2968 4305 non
2997 4260 3137 4305 esse
3169 4262 3245 4306 ex
3291 4242 3560 4306 naturali
3588 4256 3716 4321 pcr-

2180 4334 2444 4399 fectione
2485 4336 2802 4415 potentiss,
2845 4336 2960 4399 sed
2989 4354 3066 4399 ex
3107 4336 3590 4418 supernaturali,
3619 4350 3716 4393 un-

2181 4429 2260 4491 de
2289 4428 2394 4491 illa
2421 4428 2750 4509 particula,
2791 4430 3015 4511 818ρί3,
3047 4448 3179 4492 11011
3208 4431 3478 4493 sumitur
3522 4428 3584 4489 in
3621 4425 3711 4486 illo

2179 4540 2372 4587 sensu
2399 4524 2844 4604 comparativo,
2873 4530 2946 4586 ut
2971 4525 3304 4605 cajetanus
3329 4524 3601 4606 exponit,
3615 4516 3712 4580 sed

2180 4622 2253 4679 ut
2277 4616 2446 4679 idem
2475 4616 2684 4680 valeat
2704 4616 2873 4698 quod
2893 4618 3118 4699 potius,
3134 4626 3197 4681 et
3219 4620 3307 4681 ita
3321 4637 3452 4681 nou
3470 4616 3710 4680 affirmat

2176 4715 2513 4791 utrumque
2573 4718 2947 4787 extremum,
2979 4710 3094 4775 sed
3129 4712 3400 4776 alterum
3439 4710 3710 4781 affirmat,

2177 4805 2445 4868 alterum
2478 4812 2691 4888 negat.

2255 4902 2316 4964 3.
2340 4901 2412 4963 In
2439 4899 2752 4964 solutione
2779 4918 2930 4964 vero
2959 4902 3042 4966 ad
3064 4902 3340 4977 tertium,
3363 4902 3451 4964 ait
3465 4902 3535 4964 D.
3565 4896 3707 4960 Tho·

2175 5012 2338 5073 mas,
2359 4994 2644 5059 absolute
2664 4996 3006 5077 loquendo,
3037 5014 3226 5078 posse
3247 5014 3388 5059 esse
3415 4992 3704 5058 sublimio-

2175 5107 2312 5153 rem
2347 5089 2612 5171 gradum
2639 5090 2894 5154 visionis
2919 5091 3053 5171 Dei,
3079 5108 3270 5173 quam
3299 5092 3379 5153 sit
3399 5090 3550 5153 visio
3585 5082 3704 5147 ani·

2175 5202 2298 5246 mse
2323 5182 2568 5262 Christi,
2595 5185 2768 5267 quod
2793 5186 2958 5249 bene
3003 5186 3338 5267 Cajetanus
3373 5181 3611 5265 exponit
3635 5192 3699 5237 ex

2178 5279 2528 5342 sublimiori
2561 5280 2786 5360 gradu,
2821 5298 2949 5343 non
2979 5282 3044 5343 in
3079 5281 3376 5357 essentia,
3406 5278 3512 5340 sed
3535 5276 3594 5336 in
3617 5272 3700 5331 in-

2173 5372 2494 5447 tensioue;
2527 5372 2693 5434 male
2718 5390 2870 5437 vero
2893 5372 3066 5437 addit
3090 5372 3153 5436 id
3187 5390 3315 5435 non
3345 5388 3482 5436 esse
3506 5376 3693 5431 verum

2257 5561 2274 5599 ¹
2317 5560 2387 5635 Ο.
2422 5564 2482 5639 7,
2513 5564 2707 5625 8.1ἳ.
